@misc{Bard__AimV3Metodika,
  title = {Bard\_\_{{Aim}}.v3.Metodika.Htm},
  keywords = {state/2/annotate},
  groups = {v3},
  timestamp = {2023-11-14T00:21:47Z},
  file = {Bard__Aim.v3.metodika.htm:G\:\\Cloud\\Storage\\personalDrive\\My Drive\\--moje--\\G-Knihovna\\g\\byBot\\Bard__Aim.v3.metodika.htm:text/html}
}

@misc{BardAimV3,
  title = {Bard.{{Aim}}.v3.2.{{Doplň-explicitní-cíle}}},
  keywords = {BP.src,state/0/processed},
  note = {\section{“Aim:}

\begin{itemize}

\item 
Automatizovat přeměnu záznamů o připravovaných programech na sdílené zkušenosti\\
snadno využitelné při přípravách dalších programů.” (“Bard.Aim.v3.2.Doplň-explicitní-cíle”)

\end{itemize}

\par
“Aim:

- Automatizovat přeměnu záznamů o připravovaných programech na sdílené zkušenosti\\
snadno využitelné při přípravách dalších programů.” (“Bard.Aim.v3.2.Doplň-explicitní-cíle”)
\par
“Aim:

- Automatizovat přeměnu záznamů o připravovaných programech na sdílené zkušenosti\\
snadno využitelné při přípravách dalších programů” (“Bard.Aim.v3.2.Doplň-explicitní-cíle”)
\par
\section{“Aspect of problem:}

\begin{itemize}

\item 
Technický aspekt: Neexistuje jednotné řešení pro automatizaci přeměny záznamů o\\
připravovaných programech na sdílené zkušenosti.

\item 
Organizační aspekt: Ve skautských oddílech často chybí kapacita a motivace pro\\
rozvoj a implementaci takového řešení.” (“Bard.Aim.v3.2.Doplň-explicitní-cíle”)

\end{itemize}

\par
“Aspect of problem:

- Záznamy o připravovaných programech jsou často neúplné a nepřehledné.\\
- Sdílení zkušeností z přípravy programů je obtížné.” (“Bard.Aim.v3.2.Doplň-explicitní-cíle”)
\par
“Aspect of problem:

- Řízení úkolů ve skautském oddíle je často manuální a neefektivní\\
- Výměna zkušeností mezi vedoucími je nedostatečná” (“Bard.Aim.v3.2.Doplň-explicitní-cíle”)
\par
\section{“Doplňující informace:}

\par
Nástroj pro analýzu záznamů by měl být schopen extrahovat z záznamu následující informace:

Cíle programu\\
- Obsah programu\\
- Metody realizace programu\\
- Hodnocení programu

Webová aplikace pro sdílení zkušeností by měla umožňovat následující funkce:\\
- Vytváření záznamů o programech\\
- Filtrování záznamů podle různých kritérií\\
- Prohlížení záznamů jinými uživateli\\
- Komentování záznamů” (“Bard.Aim.v3.2.Doplň-explicitní-cíle”)
\par
\section{“Methods:}

\begin{itemize}

\item 
Využití umělé inteligence a strojového učení pro automatické rozpoznávání a\\
zpracování informací z záznamu o připravovaném programu.

\item 
Vytvoření webového portálu pro sdílení a využívání sdílených zkušeností.” (“Bard.Aim.v3.2.Doplň-explicitní-cíle”)

\end{itemize}

\par
“Methods:\\
- Systém bude využívat strojové učení k extrahování informací z textových a\\
obrázkových záznamů.\\
- Informace budou transformovány do formátu JSON.\\
- Uživatelské rozhraní bude založeno na webové aplikaci.” (“Bard.Aim.v3.2.Doplň-explicitní-cíle”)
\par
“Methods:\\
- Použití strojového učení pro analýzu záznamů\\
- Využití webových technologií pro vývoj aplikace\\
- Proškolení vedoucích skautských oddílů formou online kurzů a workshopů” (“Bard.Aim.v3.2.Doplň-explicitní-cíle”)
\par
\section{“Objectives:}

\begin{itemize}

\item 
Vytvořit jednotné řešení pro automatizaci přeměny záznamů o připravovaných\\
programech na sdílené zkušenosti.

\item 
Zvýšit efektivitu a kvalitu přípravy programů ve skautských oddílech.

\item 
Podpořit rozvoj dovedností skautů v oblasti informačních technologií” (“Bard.Aim.v3.2.Doplň-explicitní-cíle.htm”)

\end{itemize}

\par
“Objectives:\\
- Vytvořit systém, který bude automaticky extrahovat informace z záznamů o\\
programech.\\
- Transformovat extrahované informace do formátu, který bude snadno sdílitelný a\\
využitelný.\\
- Vytvořit uživatelské rozhraní, které umožní snadné používání systému.” (“Bard.Aim.v3.2.Doplň-explicitní-cíle.htm”)
\par
“Objectives:\\
- Vytvořit nástroj pro automatickou analýzu záznamů o připravovaných programech\\
- Vytvořit webovou aplikaci pro sdílení zkušeností\\
- Proškolit vedoucí skautských oddílů v používání nástroje a aplikace” (“Bard.Aim.v3.2.Doplň-explicitní-cíle.htm”)
\par
\section{“Problem:}

\begin{itemize}

\item 
Aktuální stav: Ve skautských oddílech se připravují programy pro děti a mládež.\\
K jejich přípravě se používají různé nástroje a metody, které nejsou vždy\\
sdílené a snadno dostupné.

\item 
Problém: To může vést k duplicitní práci, ztrátě informací a nedodržování\\
kvality programů.” (“Bard.Aim.v3.2.Doplň-explicitní-cíle”)

\end{itemize}

\par
“Problem:

- Úkoly spojené s přípravou programů jsou často časově náročné a pracné.” (“Bard.Aim.v3.2.Doplň-explicitní-cíle”)
\par
“Problem:

- Mnoho činností a aktivit, které je třeba naplánovat a zorganizovat\\
- Často nedostatek času a zkušeností na to, aby se všechny činnosti povedly\\
- Některé činnosti se opakují, ale při přípravě se stále znovu vymýšlí” (“Bard.Aim.v3.2.Doplň-explicitní-cíle”)
\par
\section{“Structure:}

\par
Tým odborníků na umělou inteligenci a strojové učení.\\
Spolupráce s odborníky ze skautského hnutí.\\
Vývoj a implementace řešení v pilotním skautském oddíle.\\
Rozšíření řešení do dalších skautských oddílů.” (“Bard.Aim.v3.2.Doplň-explicitní-cíle”)
\par
“Structure:

Systém bude mít tři hlavní komponenty: extrakční modul, transformační modul a\\
uživatelské rozhraní.” (“Bard.Aim.v3.2.Doplň-explicitní-cíle”)
\par
“Structure:

Nástroj pro analýzu záznamů: \\
- Import záznamů\\
- Analýza záznamů\\
- Export výstupu

Webová aplikace pro sdílení zkušeností: \\
- Registrace uživatelů\\
- Vytváření a úprava záznamů\\
- Prohlížení a komentování záznamů” (“Bard.Aim.v3.2.Doplň-explicitní-cíle”)},
  groups = {v3},
  timestamp = {2023-11-14T00:18:02Z},
  file = {Bard__Aim.v3.Doplň-explicitní-cíle.htm:G\:\\Cloud\\Storage\\personalDrive\\My Drive\\--moje--\\G-Knihovna\\g\\byBot\\Bard__Aim.v3.Doplň-explicitní-cíle.htm:text/html}
}

@misc{BardParametryPripravovanych,
  title = {Bard.Parametry Připravovaných Programů.k Podpoře Dalších Příprav},
  keywords = {BP.src,state/0/processed},
  note = {\section{Aktivity}

\par
“Plánovaná aktivity: Jaké aktivity se budou konat?” (“Bard.parametry připravovaných programů.k podpoře dalších příprav”)
\par
\section{Časový a místo plán}

\par
“Časový plán - Jak dlouho bude schůzka\\
nebo výprava trvat?” (“Bard.parametry připravovaných programů.k podpoře dalších příprav”) - Použitím těchto parametrů~ lze zajistit, že jsou schůzky nebo výpravy dobře organizované a že jsou dostatečně dlouhé na to, aby se všechny plánované aktivity stihly provést. Například, schůzka by měla mít dostatek času na to, aby se účastníci mohli zapojit do všech aktivit a aby se také mohli věnovat diskuzi a reflexi.
\par
“Doba a místo konání: Doba a místo konání schůzky nebo výpravy by měly být také zaznamenány. To by pomohlo při plánování~ budoucích programů, aby byly v souladu s dostupným časem a zdroji.” (“Bard.parametry připravovaných programů.k podpoře dalších příprav”) {$>$} Doba a místo konání: Známá doba a místo konání mohou pomoci při plánování dalších programů, aby byly v souladu s dostupným časem a zdroji.
\par
“Časový harmonogram: Jak dlouho bude schůzka nebo výprava trvat?” (“Bard.parametry připravovaných programů.k podpoře dalších příprav”)
\par
“Místo konání - Kde se schůzka nebo výprava bude konat?” (“Bard.parametry připravovaných programů.k podpoře dalších příprav”) - Použitím těchto parametrů lze zajistit, že jsou schůzky nebo výpravy bezpečné a pohodlné. Například, pokud je schůzka zaměřená na přežití v přírodě, je důležité zajistit, že se koná na bezpečném místě a že jsou k dispozici potřebné hygienické zázemí.
\par
“Prostředí: Kde se schůzka nebo výprava koná?” (“Bard.parametry připravovaných programů.k podpoře dalších příprav”)
\par
\section{Cíle}

\par
“Cíle schůzky nebo výpravy: Co se skauti učí nebo zažívají?” (“Bard.parametry připravovaných programů.k podpoře dalších příprav”)
\par
“Cíle a očekávání: Cíle schůzky nebo výpravy by měly být jasně stanoveny a očekávané výstupy by měly být identifikovány. To by pomohlo při plánování budoucích programů, aby byly směřovány k dosažení konkrétních cílů.” (“Bard.parametry připravovaných programů.k podpoře dalších příprav”) {$>$} Cíle a~ očekávání: Pokud~ jsou cíle a očekávané výstupy jasně stanoveny, lze je použít k vytvoření plánu, který je zaměřen na jejich dosažení.
\par
\section{Cílové skupiny}

\par
“Cílovéskupiny” (“Bard.parametry připravovaných programů.k podpoře dalších příprav”) - Použitím těchto parametrů lze zajistit, že programy jsou relevantní pro věkové skupiny a úrovně zkušeností účastníků. Například, schůzka zaměřená na základy turistiky by mohla být vhodnější pro mladší skauty, zatímco schůzka zaměřená na pokročilé dovednosti by mohla být vhodnější pro starší~ skauty.
\par
“Cílovou skupinu: Cílová skupina schůzky nebo výpravy by měla být také identifikována. To by pomohlo při výběru vhodných aktivit a materiálů.” (“Bard.parametry připravovaných programů.k podpoře dalších příprav”) {$>$} Cílovou skupinu: Zjištění cílové skupiny může pomoci při výběru vhodných aktivit a materiálů.
\par
“Věk a úroveň dovedností účastníků: Jaké jsou potřeby a schopnosti skautů, kteří se akce zúčastní?” (“Bard.parametry připravovaných programů.k podpoře dalších příprav”)
\par
\section{Koordinátoři}

\par
“Koordinátoři - Kdo bude schůzku nebo výpravu řídit?” (“Bard.parametry připravovaných programů.k podpoře dalších příprav”) - Použitím těchto parametrů lze zajistit, že jsou schůzky nebo výpravy dobře řízeny. Například, pokud je schůzka zaměřená na hru, je důležité mít k dispozici dostatek koordinátorů, aby se mohli věnovat všem účastníkům.
\par
\section{Materiály}

\par
“Materiály a vybavení - Jaké materiály a vybavení bude zapotřebí?” (“Bard.parametry připravovaných programů.k podpoře dalších příprav”) - Použitím těchto parametrů lze zajistit, že jsou k dispozici všechny\\
~~~~ potřebné materiály a vybavení. Například, pokud je schůzka zaměřená na vaření v přírodě, je důležité zajistit, že jsou k dispozici potřebné~ příbory a kuchyňské nádobí.
\par
“Materiály a vybavení: Jaké materiály a vybavení je zapotřebí?” (“Bard.parametry připravovaných programů.k podpoře dalších příprav”)
\par
“Materiály a vybavení: Materiály a vybavení potřebné pro schůzku nebo výpravu by měly být také zaznamenány. To by pomohlo zajistit, že budou k dispozici včas a v dostatečném množství.” (“Bard.parametry připravovaných programů.k podpoře dalších příprav”) {$>$} Materiály a~ vybavení: Známé~ materiály a vybavení mohou pomoci zajistit, že budou k dispozici včas a v dostatečném množství.
\par
\section{Média a komunikace}

\par
“Média a komunikace: Jakákoli média nebo komunikační nástroje, které budou použity během schůzky nebo výpravy, by měly být také zaznamenány. To by pomohlo při plánování budoucích programů, aby byly používány stejné nebo podobné nástroje.” (“Bard.parametry připravovaných programů.k podpoře dalších příprav”) {$>$} Média a komunikace: Použití stejných nebo podobných médií a komunikačních nástrojů může pomoci zajistit konzistenci a efektivitu programů.
\par
\section{Očekávané výsledky}

\par
“Očekávané výsledky: Co skauti na konci schůzky nebo výpravy umí nebo zná?” (“Bard.parametry připravovaných programů.k podpoře dalších příprav”)
\par
\section{Přínosy}

\par
“Usnadnění plánování

- Použitím těchto parametrů lze vytvořit šablony pro plánování schůzek nebo\\
výprav. To může pomoci zajistit, že všechny potřebné informace budou\\
zahrnuty a že schůzky nebo výpravy budou dobře koordinovány.” (“Bard.parametry připravovaných programů.k podpoře dalších příprav”)
\par
“Zlepšení kvality programu\\
- Analýza těchto parametrů může pomoci identifikovat oblasti, ve kterých\\
je možné program zlepšit. Například, pokud je zpětná vazba od účastníků\\
pozitivní, lze tyto aktivity opakovat v budoucnu. Pokud je zpětná vazba\\
negativní, lze ji použít k úpravě programu tak, aby lépe vyhovoval\\
potřebám účastníků.” (“Bard.parametry připravovaných programů.k podpoře dalších příprav”)
\par
“Usnadnění přípravy:\\
Informace o cílech, věku a úrovni dovedností účastníků, prostředí a materiálech a vybavení mohou pomoci organizátorům připravit schůzku nebo výpravu, která bude vyhovovat potřebám skautů.” (“Bard.parametry připravovaných programů.k podpoře dalších příprav”)
\par
“Zkvalitnění programů:\\
Informace o plánovaných aktivitách a očekávaných výsledcích mohou pomoci organizátorům vytvořit programy, které jsou zábavné a zároveň vzdělávací.” (“Bard.parametry připravovaných programů.k podpoře dalších příprav”)
\par
“Analýza výsledků:\\
Informace o tom, co skauti na konci schůzky nebo výpravy umí nebo zná, mohou pomoci organizátorům vyhodnotit~ účinnost svých programů a\\
identifikovat oblasti, kde je třeba zlepšit.” (“Bard.parametry připravovaných programů.k podpoře dalších příprav”)
\par
\section{Tématické oblasti}

\par
“Témata a dovednosti -\\
Jaké témata a dovednosti budou projednávány nebo rozvíjeny?” (“Bard.parametry připravovaných programů.k podpoře dalších příprav”) - Použitím těchto parametrů lze zajistit, že programy jsou dobře vyvážené a že pokrývají širokou škálu témat a dovedností. Například, schůzka by mohla~ zahrnovat kombinaci aktivit, které rozvíjejí fyzické, kognitivní a~ sociální dovednosti.
\par
\section{Z5v}

\par
“Zpětná vazba - Jaká zpětná vazba byla od účastníků poskytnuta?” (“Bard.parametry připravovaných programů.k podpoře dalších příprav”) - Použitím těchto parametrů lze získat zpětnou vazbu od účastníků},
  groups = {v3},
  timestamp = {2023-11-14T00:18:54Z},
  file = {Bard.připravované-programy.parametry-k-podpoře-dalších_příprav.htm:G\:\\Cloud\\Storage\\personalDrive\\My Drive\\--moje--\\G-Knihovna\\g\\byBot\\Bard.připravované-programy.parametry-k-podpoře-dalších_příprav.htm:text/html}
}

@misc{BezpecnostSQLDatabazovych,
  title = {Bezpečnost {{SQL}} Databázových Služeb v Cloudu.Pdf},
  keywords = {metodika-first},
  groups = {examples},
  timestamp = {2023-11-11T03:51:49Z},
  file = {Bezpečnost SQL databázových služeb v cloudu.pdf:G\:\\Cloud\\Storage\\personalDrive\\My Drive\\--moje--\\G-Knihovna\\a\\examples\\Bezpečnost SQL databázových služeb v cloudu.pdf:application/pdf}
}

@misc{BP_INGen,
  ids = {zotero-2873},
  title = {{{BP}}/\_{{IN}}/Gen at Zadani\_v2 · Simik394/{{BP}}},
  url = {https://github.com/simik394/BP/tree/zadani_v2/_IN/gen},
  urldate = {2023-11-07},
  keywords = {state/2/annotate},
  groups = {v2},
  timestamp = {2023-11-08T00:41:32Z},
  file = {BP/_IN/gen at zadani_v2 · simik394/BP:G\:\\Zotero\\storage\\7GQG8MM9\\gen.html:text/html}
}

@misc{BPCilV2,
  title = {{{BP}}.{{Cíl}}.v2.{{Noted}}},
  keywords = {/unread,noted},
  note = {Aim
\par
\section{01}

\par
Vybrat a zdokumentovat postupy pro ukládání informací o vytvořených produktech (schůzky, výpravy), aby jsme získali k dispozici údaje efektivně použitelné na podporu plánování dalších činností.
\par
\section{02}

\par
Umožnit získávání údajů o obsahu vytvořených schůzek a výprav spolu s jejich hodnocením takovým způsobem, aby mohly být později efektivně nalezeny a využity při plánování dalších činností.
\par
\section{03}

\subsection{Téma}

\par
Řízení úkolů ve skautu.
\par
\subsection{Problém}

\par
Nedostatek dat pro efektivní plánování programů.
\par
\subsection{Aspekt problému}

\par
Nesjednocené postupy zaznamenávání údajů o naplánovaných schůzkách a výpravách.
\par
\subsection{Cíl}

\par
Vybrat a zdokumentovat sady doporučených postupů pro zaznamenávání -plánovaných programů (schůzek a výprav), -hodnocení výsledků a využívání získaných záznamů při dalším plánování v našem skautském oddíle, které budou přijatelným kompromisem mezi nejlepšími dostupnými postupy a momentálně zavedeným volným stylem řízení.
\par
\subsection{Dílčí cíle}

\begin{enumerate}

\item 
Identifikovat pro zvolené problematické oblasti [obsah(skaut-plánování programů, hodnocení kvality; jak zpětná vazba;), způsob(ukládání dokumentů pro snadné přistupování)] nejlepší dostupné postupy z odpovídající literatury

\item 
Identifikovat preference předpokládaných uživatelů v jednotlivých oblastech

\item 
Vybrat sady nejpřínosnějších z přijatelných variant, jejichž provádění nebude podle odhadovaných hodnot trvat déle než stanovenou dobu.

\item 
Popsat vykonávání vybraných postupů v Google Workspace prostřednistvím (přehlednou?dostupnou?:)) dokumentační wiki.

\end{enumerate}

\subsection{Očekávané přínosy}

\begin{enumerate}

\item 
Sjednocení struktury uložených historických údajů o plánovaných programech spolu s hodnocením umožní efektivnější přistupování k nim. A usnadní tak kvalitnější rozhodování při plánování dalších. Prakticky by měla umožnit efektivní sdílení zkušeností nejpodstatnějších pro naši hlavní činnost.

\item 
Literární rešerše "skaut-plánování, skaut-kvality, z5v-jak" pomůže důvěryhodně identifikovat běžně užitečné postupy a minimalizuje tak šanci na opominutí nějaké lepší varianty. Prakticky by měla zajistit, že obsah, který doporučím k ukládání bude kvalitní a užitečný.

\item 
Literární rešerše "uložení dokumentů pro snadné přistupování" slouží stejně jako první k identifikaci dostupných variant. V tomto případě jde nicméně o zajištění praktické struktury pro zaznamenáváný obsah.

\item 
Dotazník/ rozhovor s vedoucími zajistí, že nebude doporučen žádný proces, který by pro někoho z nich představoval problém. Také zvýší šance na dodržování výsledných doporučení, jelikož umožní identifikovat postupy, které našim vedoucím dávají smysl.

\item 
Odhad trvání postupů na provedení a výběr jen některých postupů k doporučení zajistí, že nebudou doporučeny procesy, které by vyžadovaly nepřiměřeně moc času.

\item 
Vytvoření dokumentační wiki zajistí, že budou všechny doporučení snadno dostupná, ve stejné verzi všem.

\end{enumerate}

\subsection{Limitace}

\begin{enumerate}

\item 

\end{enumerate}

\par
Task management ve skautském oddíle},
  groups = {_NOTED - ✍️},
  timestamp = {2023-11-07T23:14:23Z},
  file = {Trychtýř na výběr cíle práce.canvas:G\:\\Zotero\\storage\\XHLESXKB\\Trychtýř na výběr cíle práce.canvas:text/plain}
}

@misc{BPExamplesClustered,
  ids = {BpExampMetody,BpExampObjective,BpExampPrakticka,BpExampProblemy,BpExampStruktura,BpExampTeoreticka,BpExampTeorie,BpExampUvody,BpExampZdroje},
  title = {{{BP}}.{{Examples}}.{{Clustered}}.{{byKeyThesisParameters}}},
  keywords = {/unread,extracted},
  note = {\section{Cíle a vyhodnocení}

\subsection{1}

\par
{$>$} **“Cíle práceCílem práce je navrhnout desktopovou aplikaci v jazyku C\#, MySQL databází a jednoduchý testovací e-shop, která umožní administrátorům/povolaným lidem zobrazit data prodejů e-shopu ve vizuální přehledné formě. **\^buwqco
\par
Vizuální forma dat často vede k zlepšení odhadu budoucí situace, tudíž i větší šanci pro maximalizaci zisků firmy.
\par
**Dílčí kroky** pro naplnění cíle práce jsou:
\par
- Vymezení požadavků, které má aplikace vizualizující data splňovat- Promyšlení návrhu schématu databáze tak, aby obsahovala vše potřebné pro uložení dat obchodu, ale zároveň neobsahovala zbytečné tabulky
\par
- Logický návrh databáze a její následná implementace a naplnění vzorovými daty
\par
- Implementace internetového obchodu, který využívá schéma databáze vytvořené v této práci
\par
- Implementace aplikace, komunikující se serverem na kterém je databáze uložena
\par
- Testování chyb- Sběr zpětné vazby v podobě dotazníku a komunikací s osobami” (Šubrt, p. 12)
\par
“Shrnutí zpětné vazby pro web” (Šubrt, p. 53) výsledky získány:\\
návrh DB\\
implementace+ get feedback
\par
{$>$} **“Hlavním cílem předložené práce je porovnat vybrané cloudové databáze (database-as-aservice) z hlediska nabízených možností ochrany dat.** \^7hsjqk
\par
Ve **výsledku by čtenář měl být schopen samostatně rozhodovat o výhodách či nevýhodách určité platformy,** tudíž cílem není doporučit konkrétní službu, ale zmapovat základní bezpečnostní rizika a doporučení z oblasti datové bezpečnosti (best practices) a na základě těchto poznatků provést hodnocení vybraných DBaaS. 
\par
Práce by měla být **přínosná** zejména pro studenty zajímající se o problematiku bezpečnosti dat, pro manažery rozhodující o zapojení určitého nástroje do projektu či pro správce databáze.” (“Bezpečnost SQL databázových služeb v cloudu.pdf”, p. 14)
\par
“Hodnocení vybraných služeb” (“Bezpečnost SQL databázových služeb v cloudu.pdf”, p. 42) výsledky získány:\\
porovnáním služeb podle dohledatelných parametrů
\par
\subsection{3}

\par
{$>$} **“Hlavním cílem bakalářské práce je analyzovat kontrolní hlášení na daňové úniky v oblasti daně z přidané hodnoty.** \^mxp1pw
\par
Ke splnění hlavního cíle jsou využita data z Výročních zpráv a statistik Finanční správy za dané časové období. 
\par
Další fází je pak posouzení administrativních nákladů z hlediska nákladovosti a efektivnosti správy daní” (“Daňové úniky v oblasti DPH.pdf”, p. 6)
\par
“Efektivnost” (“Daňové úniky v oblasti DPH.pdf”, p. 43) výsledky získány:\\
vyhodnocením čícel z výročních zpráv
\par
\subsection{4}

\par
{$>$} **“Proto se tato práce zabývá právě interní komunikací konkrétního rodinného podniku, kde interní komunikace funguje především na neformální rovině.**\^4am1or
\par
A to vzhledem k velikosti podniku, ale také vedení, které se snaží své zaměstnance brát spíše jako rodinu. Nicméně, stále se jedná o pracovní prostředí, kde se informacím ohledně náplně práce nevyhnete a asi jako všude jinde, komunikace občas není dostačující a dochází k neshodám. 
\par
Touto prací autorka identifikuje oblasti, ve kterých podle zaměstnanců komunikace vázne nejvíce, a to pomocí standardizovaného dotazníku ICSQ, na které navazují rozhovory se zaměstnanci a poté i se zaměstnavatelem. Tomu byl sdělen výsledek dotazníku, tzn. které \^7wohpm oblasti interní komunikace vyšly u zaměstnanců jako ty nejproblematičtější. Autorka zjišťovala jeho názor a možná řešení pro zlepšení komunikace v těchto oblastech”” (“Identifikace a popis slabin interní komunikace v malém podniku.pdf”, p. 1)
\par
“Shrnutí navržených řešení” (“Identifikace a popis slabin interní komunikace v malém podniku.pdf”, p. 41) výsledky získány:\\
dotazníky+vyhodnocení (interní komunikace)\\
+jedna stránka doporučení
\par
\subsection{5}

\par
{$>$} **“Cílem práce je porovnat obchodní modely společností ze streamovacího odvětví využívající příjmový model předplatného, vyhodnotit možná specifika těchto modelů a identifikovat jejich rozdíly.”** \^tygfxn” (“Komparace obchodních modelů streamovacích společností využívající příjmový model předplatného.pdf”, p. 2)
\par
{$>$} **“Cíle práce bude v praktické části dosaženo nejprve sestavením Business Model Canvasů pro každou z vybraných společností.** 
\par
Business Model Canvasy budou sestaveny obsahovou analýzou s využitím účetních závěrek daných společností a vybraných poměrových ukazatelů finanční analýzy. 
\par
Následně bude pro identifikaci rozdílů a různých forem obchodních modelů využita metoda komparace. 
\par
Všechna data, která budou v práci využívána nebudou získávána přímo autorem práce, nýbrž systematickou analýzou již zpracovaných analýz obchodních modelů, informacemi z webových stránek, účetních závěrek porovnávaných společností či z nejrůznějších rozhovorů a článků z respektovaných zahraničních médií. 
\par
V práci budou blíže specifikovány koncepty Business Model Canvasu, příjmového modelu a také příjmového modelu předplatného, včetně jeho modifikací, výhod a nevýhod. 
\par
V práci bude zmíněná ekonomika předplatného, proč se její popularita zvedá a čím je to způsobeno. 
\par
V praktické části práce bude sestaveno 7 Businesss Model Canvasů pro vybrané streamovací společnosti na jejichž základě budou následně společnosti komparovány.” (“Komparace obchodních modelů streamovacích společností využívající příjmový model předplatného.pdf”, p. 2)
\par
“Shrnutí poznatků ze sestanování BMC” (“Komparace obchodních modelů streamovacích společností využívající příjmový model předplatného.pdf”, p. 62) výsledky získány:\\
další standartizovaná analýza vykazovaných čísel
\par
\subsection{6}

\par
{$>$} **“Cílem bakalářské práce je zjistit, jak funguje zaměstnanecký benefit neomezené dovolené ve firmách v České republice, jakým způsobem je aplikovatelný, užívaný zaměstnanci a co přináší jeho užívání firmám.** \^38r0z8
\par
Cílem empirického šetření je porovnat fungování, přínosy a spokojenost s neomezenou dovolenou ve zkoumaných firmách. 
\par
Bakalářská práce je určena firmám, které zvažují zavedení neomezené dovolené v rámci zaměstnaneckých benefitů.” (“Neomezená dovolená ve firmách v České republice.pdf”, p. 5)
\par
“Tvorba a sběr dat” (“Neomezená dovolená ve firmách v České republice.pdf”, p. 23) výsledky získány:\\
jak funguje? takže sběr dat+vyhodnocení
\par
{$>$} **“Cílem této práce je ukázat, jak se poker odlišuje od ostatních karetních her, a najít optimální strategii, která přinese hráči největší výnos.”** ” (“Populární karetní hry z pohledu teorie her.pdf”, p. 8)
\par
\subsection{7}

\par
{$>$} **“Hlavním cílem je analýza stávající situace a návrh optimálního modelu řízení úkolů, pomocí kterého bude společnost efektivně řídit jak na úrovni zaměstnanců, tak projektů.** ~\^51xp69
\par
{$>$} Sekundárním cílem je vytvoření stabilního a předatelného dokumentu, který bude představovat základní know-how. Následně bude nutné soustavnou snahou pracovat na tom, aby se modelu celé Cleevio přiblížilo v největší možné míře. 
\par
Přínosy plynou ze samotného tématu a důvodů, pro které jsem si zadání vybral. V dlouhodobém měřítku může firma uspořit velkou sumu na nákladech - svých vlastních i nákladech klientů, kteří s Cleeviem spolupracují. 9 Dále mohou zlepšit pracovní morálku. 
\par
Obecným přínosem bude větší organizovanost, přehlednost a stabilita při zadání, plnění a kontrole úkolů.” (“tm4cleevio.pdf”, p. 8)
\par
“Základním předpokladem úspěchu bude nasazení konkrétního nástroje a modelu do společnosti, následné seznámení personálu společnosti s modelem a kontrola jeho plnění. 
\par
Změna se dotkne každého a je nezbytné, aby byl model dodržován každým jednotlivcem, jedině tak můžeme dosáhnout výsledného efektu a změnit tak dlouhodobé a zatvrzelé postupy, které jsou v současnosti nastaveny. 
\par
S výše zmíněným jsou spojeny náklady za nástroj jako takový, čas strávený na implementaci a představení. Základní omezení provozu se nepředpokládají, neboť Cleevio není natolik velkou a rozmanitou firmou, aby se veškeré úkony nedaly zvládnout přímo za chodu.” (“tm4cleevio.pdf”, p. 9)
\par
{$>$} “Pokud bych měl shrnout mé úsilí a zhodnotit naplnění cílů, myslím si, že práce je, a ještě bude, úspěšná” (“tm4cleevio.pdf”, p. 52)
\par
“. Již v tuto chvíli je znatelná pohodlnější organizace z role projektových manažerů a zvýšení produktivity ze strany developerů a testerů.” (“tm4cleevio.pdf”, p. 52)
\par
“Myslím si, že struktura i náplň druhé primárně praktické části je naprosto dostačujícím dokumentem. N” (“tm4cleevio.pdf”, p. 52)
\par
\section{Example.Praktická}

\par
“2 Metody a data” (“Neomezená dovolená ve firmách v České republice.pdf”, p. 22) Pro vypracování praktické části bakalářské práce a zodpovězení hlavní výzkumné otázky je zapotřebí zvolit vhodnou metodu výzkumu a definovat data, která podléhají analýze. V této kapitole je zmíněn cíl práce a hlavní výzkumná otázka, která bude zodpovězena za užití blíže popsaného kvalitativního výzkumu a metody interpretativní fenomenologické analýzy. Blíže popsané je i tvora a získávání dat potřebných k provedení výzkumu.
\par
(“Daňové úniky v oblasti DPH.pdf”, p. 7) \# Praktická:\\
Třetí kapitola, praktická část, bude zkoumat vliv kontrolního hlášení a inkasa DPH. Je zde vyčíslen vliv zavedeného opatření na inkaso DPH, jeho přínosu a efektivnosti daňové správy z pohledu správce a daňového subjektu.
\par
“2 Způsob řešení práce” (“Bezpečnost SQL databázových služeb v cloudu.pdf”, p. 18) Nejdříve budou na základě rešerše dostupné literatury v Kapitole 3 vymezeny následující pojmy: cloud computing, distribuční modely (IaaS, PaaS, SaaS, DBaaS jako součást PaaS nebo jako samostatný model) a modely nasazení. Čtvrtá kapitola bude již bezprostředně věnována bezpečnosti. Nejdřív budou zmapována základní bezpečnostní rizika, se kterými se může uživatel či správce databáze setkat. Následně se zaměřím na výše zmíněná rizika aplikovaná na cloudové řešení. Poslední podkapitola bude věnována osvědčeným bezpečnostním doporučením pro cloudová a necloudová prostředí. Pátá kapitola bude popisovat požadavky kladené na databázi v cloudu z hlediska bezpečnosti. Na základě uvedených požadavků budou následně stanovena kritéria pro porovnání vybraných DBaaS z hlediska nabízených možností ochrany dat (Kapitola 6). Následovat bude volba vybraných poskytovatelů SQL DBaaS řešení. Rozhodovacím kritériem v tomto případě bude míra zastoupení na trhu. Pro analýzu budou zvoleni vybraní poskytovatelé pouze SQL DBaaS řešení, nicméně většina doporučení zmíněných v této práci platí také pro NoSQL a jiné databázové modely. Analýza bude vycházet z veřejně dostupných dat jednotlivých dodavatelů a výsledky budou následně okomentovány. Odkazy na veškeré zdroje použité při vyhodnocení lze najít v Příloze 1.
\par
“3 Praktická část” (“Identifikace a popis slabin interní komunikace v malém podniku.pdf”, p. 17) Praktická část uvádí základní informace o zkoumaném podniku a nastavení interní komunikace, které je vzhledem k velikosti podniku velmi jednoduché. Dále zde autorka popisuje, jaký typ výzkumu si pro tuto práci vybrala a z jakého důvodu. Je zde použit jak kvantitativní výzkum, a to formou dotazníkového šetření, tak kvalitativní výzkum formou volných rozhovorů. Dotazníkové šetření zde slouží jako podklad pro hlubší porozumění dané problematice pomocí rozhovorů.
\par
“3 Praktická část” (“Komparace obchodních modelů streamovacích společností využívající příjmový model předplatného.pdf”, p. 19) V této části bude provedena obsahová analýza společností, které splnily kritéria pro komparaci a zároveň je jejich hlavní činnost definována dle NACE 591 Činnosti v oblasti filmů, videozáznamů a televizních programů. Následně bude z dostupných informací sestaven Business Model Canvas pro každou společnost, kde budou jednotlivé faktory důkladně popsány.
\par
“2 Návrh MySQL databáze” (Šubrt, p. 21) V této kapitole navrhnu MySQL databázi, která je schopná zaštítit potřebné tabulky, pro ukládání dat jednoduchého e-shopu, a zároveň s ní bude kompaktibilní program vyvíjený v kapitole číslo pět (Aplikace pro vizualizaci dat z databáze). Nejprve zmíním požadavky a z čeho všeho se bude systém skládat a poté začnu s na navrhovanou databázi, dále zde zmíním model relační databáze, způsob implementace, kde bude popsáno jak z modelu vygenerovat SQL kód databáze a jaké vzorové data jsem použil v této databázi. Kapitola 2 až 4 se věnuje návrhům dílčích komponent systému – MySql Databáze, C\# aplikace a web, což dohromady vytvoři funkční celek popisován v úvodu. Aplikaci i web je možné si vyzkoušet sám, po instalaci na server, a nebo mě kontaktovat a já zapnu server na kterým sem to již testoval.
\par
“3 Aplikace pro vizualizaci dat z databáze” (Šubrt, p. 34) Aplikaci jsem se rozhodl psát v jazyce C\# a v prostředí Visual Studio .NET (verze 4.7.5) od firmy Microsoft. Rozhodl jsem se tak z několika důvodů. Prvním z nich je to, že obsahuje hodně nativních knihoven, který proces vyvíjení programu zjednoduší a druhým důvodem je popularita, která vede k pevné a dlouhodobé podpoře a tudíž i podpoře softwaru, který budu pomocí tohoto nástroje vyvíjet.
\par
“4 Vzorový e-shop” (Šubrt, p. 48) Vzorový e-shop, vyvinutý v této práci je plně funkční, avšak při reálném použití třetí osobu se počítá s tím, že bude zdrojový kód modifikovat pro vlastní potřeby a to jak z grafické tak programové stránky. Je to však hotové jádro, se kterým se dá začít, pro rychlou realizaci vlastního internetového obchodu.
\par
\section{Examples.Dílčí-cíle}

\par
\section{Examples.Metody}

\par
\section{Examples.Problémy}

\par
\section{Examples.Teoretická}

\par
“1 Teoretický základ” (“Neomezená dovolená ve firmách v České republice.pdf”, p. 6)
\par
Teoretická část uvádí znalosti potřebné a doplňující pro správné porozumění praktické části bakalářské práce a získání nových znalostí v tomto oboru. V úvodu jsou definované zaměstnanecké benefity, poté jejich vývoj, dělení, role, přínos a užívání českými firmami. Benefity jsou dále specifikovány do oblasti dovolené a tématu nadstandardní dovolené, na kterou navazuje kapitola týkající se neomezené dovolené. Zde je nastíněno srovnání mezi fungováním v České republice a v zahraničí, zároveň její klady, zápory a předpoklady fungování.
\par
(“Daňové úniky v oblasti DPH.pdf”, p. 6) \# TEoretická:\\
Teoretická část práce si klade za cíl vymezit základní pojmy, které jsou pro pochopení zkoumané problematiky nejdůležitější. První kapitola se na základě 7 odborné literatury a legislativy bude zabývat teorií daně z přidané hodnoty, základním principem a fungováním této daně. V návaznosti na DPH bude v druhé kapitole věnován velký prostor konkrétním daňovým únikům na DPH, včetně rozboru a vysvětlení dané problematiky, popisu konkrétních nástrojů, které jsou používány v boji proti únikům na této dani, a to zejména na kontrolní hlášení.
\par
“Rešerše literatury” (“Bezpečnost SQL databázových služeb v cloudu.pdf”, p. 15)
\par
Jelikož cloud byl dlouhou dobu považován za datově nebezpečný, většina starších zdrojů věnujících se otázkám zabezpečení cloud computingu se zaměřuje především na jeho nedostatky a téměř se nesnaží najít řešení. Časem ale cloud získal tak značný podíl na trhu, že ignorance zabezpečení již nepřipadala v uvahu, zvláště když se o cloud začaly zajímat velké, nejen soukromé instituce a podniky. Jedním z významných milníků bylo uvedení cloudové služby AWS na trh v roce 2006 společností Amazon. V posledních deseti až patnácti letech si tak badatelé a poskytovatelé služeb položili za cíl toto tvrzení o plošné nebezpečnosti cloudu vyvrátit a spíše uživateli navrhnout vhodné a bezpečné řešení, které by navíc nijak neomezovalo výhody spojené s využitím cloudové služby. 1.1 Metodika rešerše Cloud computingu bylo zasvěceno velké množství odborných studií, ať už teoreticky koncipovaných, nebo ryze praktických. Nezkušený zájemce o tuto problematiku může být snadno ohromen počtem dostupných zdrojů velice rozmanité kvality. Po stanovení cílů práce bylo proto potřeba provést analýzu již vypracovaných studií na toto téma a z dostupných zdrojů zvolit ty nejrelevantnější. Pro dohledání relevantní literatury byla použita následující klíčová slova v anglickém a českém jazyce: • (1) database in cloud, (2) databáze v cloudu, • (3) database security • (4) DBaaS security, (5) database as a service security, (6) bezpečnost databáze v cloudu • (7) cloud database comparison • (8) cloud computing Daná klíčová slova byla postupně zadána do následujících vyhledávačů: • (a) https://scholar.google.com/ • (b) https://aleph.nkp.cz/ (online katalog Národní knihovny ČR) • (c) https://vskp.vse.cz/ (repozitář závěrečných prací VŠE) • (d) https://dspace.cvut.cz/ (repozitář závěrečných prací ČVUT) • (e) https://theses.cz/ • (f) https://vufind.techlib.cz/ (online katalog Národní technické knihovny) 16 vyhledávač / zdroj (1) (2) (3) (4) (5) (6) (7) (8) (a)~ 2 120 000 2 140 3 790 000 1 980 3 270 000 1 650 1 670 000 2 550 000 (b) 5 1 31 0 6 0 1 197 (c 0 2 0 0 0 0 0 54 (d) 1479 49838 2182 48967 49845 49838 5121 31458 (e) 963 986 943 47 958 992 967 756 (f)~ 226~ 1~ 536~ 2~ 263~ 0~ 27~ 1 203 Tabulka 1. Výsledky vyhledávání klíčových slov (četnost klíčových slov). Zdroj: autorka. Obrovský rozdíl v počtu nalezených výsledků v repozitářích závěrečných prací VŠE a ČVUT můžeme vysvětlit nejen odlišnými vědeckými zájmy těchto institucí, ale také implementovaným algoritmem vyhledávání (zatímco repozitář ČVUT používá fulltextový vyhledávač, repozitář VŠE hledá přesné shody v názvu práce, skutečný počet relevantních zdrojů v případě vyhledávače ČVUT je mnohem menší). Z těchto nalezených shod byly dále vybrány nejrelevantnější a volně dostupné, občas byly použity dodatečné filtrace vyhledaných výsledků. Dále byly vedoucím práce v počáteční fázi doporučeny následující prameny: Architecting cloud computing solutions : build cloud strategies that align technology and economics while effectively managing risk (Coessling a Jackson, 2018); Handbook of computer networks and cyber security: principles and paradigms (Gupta, 2020); Securing the cloud: cloud computer security techniques and tactics (2011) a řada dalších. Dobrým rádcem pro mě také byl článek Harrisona J. Bhattiho a Babaka B. Rada Databases in Cloud Computing:A Literature Review (2017), který nejen poskytuje stručný pohled na problematiku, ale také nabízí přehled literatury zabývající se DBaaS. 1.2. Okomentovaná vybraná literatura Ponoření se do problematiky zabezpečení DBaaS je těžko představitelné bez porozumění obecným konceptům cloud computingu a datové bezpečnosti. Základním zdrojem, jenž při zpracování této práce poskytl informace o principech cloudové architektury, jejích slabinách a bezpečnostních rizicích, se stala kniha Kevina L. Jacksona a Scotta Coesslinga Architecting cloud computing solutions: build cloud strategies that align technology and economics while effectively managing risk z roku 2018. Další rozsáhlá studie od Ronalda L. Krutze – Cloud security: a comprehensive guide to secure cloud computing z roku 2010 se zabývá problematikou bezpečnosti v cloudovém prostředí, nicméně není zaměřená přímo na databáze v cloudu. Přesto ale velmi dobře mapuje základní bezpečnostní rizika spojená s provozem cloudové služby a v neposlední řadě také zařazuje bezpečnost do celkového kontextu cloudové architektury.
\par
“2 Teoretická část” (“Identifikace a popis slabin interní komunikace v malém podniku.pdf”, p. 2)
\par
Tato část obsahuje teoretický základ, se kterým nadále autorka pracuje v analytické části a propojuje znalosti z teoretické části s hlavními poznatky z výzkumu. Teoretická část tedy slouží z části jako podklad pro navržená řešení ke zlepšení interní komunikace ve zkoumaném podniku. Nejdůležitějšími pojmy z této části jsou definice komunikace (kapitola 2.1.1), která čtenáři napomáhá uvědomit si, jaká je její základní podstata. Dále je zde podstatné seznámit se s důsledky fungující interní komunikace (kapitola 2.3) a s důsledky té nefungující (kapitola 2.4). Na základě výsledků výzkumu autorka doplnila pro tuto práci významné téma porad (kapitola 2.3.1) a také hodnocení interní komunikace (kapitola 2.5).
\par
“1 Teoretický základ” (“Komparace obchodních modelů streamovacích společností využívající příjmový model předplatného.pdf”, p. 3)
\par
Při psaní této literární rešerše jsem si stanovil klíčová slova související s obchodním modelem, s ekonomikou předplatného a s příjmovým modelem předplatného. Čerpal jsem pouze od zahraničních autorů a rešerši jsem prováděl v anglickém jazyce s využitím databází Google Scholar, ProQuest či Web of Science.
\par
(Šubrt, p. 12)
\par
\# Teoretická:\\
Při tvorbě teoretické části bakalářské práce byla použita metoda rešerše literatury. Konkrétně podle postupu SLR (Systematic Literature Review). Systematický přehled literatury (SLR) identifikuje, vybírá a kriticky hodnotí výzkum s cílem odpovědět na jasně formulovanou otázku (Dewey, A. \& Drahota, A. 2016). Nejdůležitějšími tituly byly on-line akademické práce a také články týkající se dané problematiky.
\par
(“tm4cleevio.pdf”, p. 9)
\par
\# Teoretická:?\\
Teoretickému základu práce předcházela samozřejmě rešerše literatury. Ke každé kapitole mě pochopitelně zaujala jiná kniha. U první a druhé kapitoly to byla zejména kniha p. Horváthové a tenčí výtisk p. Kolajové, který je sice stručný, ale plný zajímavých informací. V kapitole managementu byla stěžejní klasika od p. Vebera. V dalších částech jsem využíval internetových zdrojů nebo velmi zajímavé a nové knihy p. Doležala. Rád bych podotknul, že mi k tomu byla velmi nápomocná a inspirativní diplomová práce Martina Rejchrta na téma „Nástroje na podporu řízení pracovních týmů – výběr vhodného task management nástroje pro společnost BNM, s.r.o.“ (2015). Jeho výběr knih mi celkově dával velký smysl, z některých knih jsem čerpal ještě více než on sám, jiné jsem ignoroval. V konečném důsledku jsem přidal pár knih, které mi osobně přišly zajímavé, takže veškeré podklady pro teoretickou část byly připravené.
\par
\section{Examples.Teorie}

\par
(“Populární karetní hry z pohledu teorie her.pdf”, p. 6) 
\par
Teoretická část:\\
2. Poker ........................................ 15\\
2.1 Historie ................................................. 15\\
2.2 Druhy pokeru ..................................... 16\\
2.2.1 Draw poker ........................................................... 16\\
2.2.2 Stud poker ................................................................ 16\\
2.2.3 Commuity card poker ..................................... 17\\
2.3 Neomezený Texas Hold‘em ................................................... 17\\
2.3.1 Pravidla ................................................... 18\\
2.3.2 Akce hráčů ....................................................... 18\\
2.3.3 Fáze hry ........................................................ 19\\
2.3.4 Startovní kombinace ..............................20\\
2.3.5 Výherní kombinace ...................................22\\
2.3.6 Pozice hráčů ........................................25\\
2.3.7 Dodatečné pojmy ...............................26\\
2.4 Pokerová herna PokerStars ................................................28\\
2.4.1 Historie online Pokeru .......................................................28
\par
\section{Obsahy/struktura}

\subsection{“Obsah” (Šubrt, p. 6) The list of contents for heading 1 from the web page context is as follows:}

\par
- 1 Vizualizace (6 pages)\\
- 2 Návrh MySQL databáze (13 pages)\\
- 3 Aplikace pro vizualizaci dat z databáze (14 pages)\\
- 4 Vzorový e-shop (5 pages)\\
- 5 Diskuze, zpětná vazba a budoucnost aplikace (3 pages)\\
- Úvod (2 pages)\\
- Závěr (1 page)
\par
\subsection{“Obsah” (“Bezpečnost SQL databázových služeb v cloudu.pdf”, p. 11) Here is a list of level 1 and level 2 headings and the number of pages under each heading from the web page context:}

\par
1. Prohlášení - 1 page\\
2. Poděkování - 1 page\\
3. Abstrakt - 2 pages\\
4. Abstract - 2 pages\\
5. Obsah - 2 pages\\
6. Úvod - 2 pages\\
7. Rešerše literatury - 3 pages\\
1. Metodika rešerše - 1 page\\
2. Okomentovaná vybraná literatura - 2 pages\\
8. Způsob řešení práce - 1 page\\
9. Definice pojmů - 4 pages\\
1. Cloud computing - 1 page\\
2. Distribuční modely - 5 pages\\
1. Infrastructure as a service - 1 page\\
2. Platform as a Service - 1 page\\
3. Software as a Service - 1 page\\
4. Database as a Service - 1 page\\
3. Modely nasazení - 2 pages
\par
\subsection{“Obsah” (“Daňové úniky v oblasti DPH.pdf”, p. 5) The list of contents for heading 1 from the web page context is as follows:}

\par
- 1 Daň z přidané hodnoty (2 pages)\\
- 2 Daňové úniky a jejich vymezení (12 pages)\\
- 3 Analýza kontrolního hlášení (27 pages)\\
- Úvod (1 page)\\
- Závěr (1 page)
\par
\subsection{“Obsah” (“Identifikace a popis slabin interní komunikace v malém podniku.pdf”, pp. -1)}

\par
the list of contents for heading 1 from the web page context is as follows:\\
- 1 Úvod (1 page)\\
- 2 Teoretická část (15 pages)\\
- 3 Praktická část (18 pages)\\
- 4 Analytická část (17 pages)\\
- 5 Závěr (1 page)
\par
\subsection{“Obsah” (“Komparace obchodních modelů streamovacích společností využívající příjmový model předplatného.pdf”, pp. -1)}

\par
The list of contents for heading 1 from the web page context is as follows:\\
- 1 Teoretický základ (13 pages)\\
- 2 Metody a data (2 pages)\\
- 3 Praktická část (19 pages)\\
- 4 Závěr (1 page)\\
- Úvod (2 pages)
\par
\subsection{“Obsah” (“Neomezená dovolená ve firmách v České republice.pdf”, p. 3)}

\par
The list of contents for heading 1 from the web page context is as follows:\\
- 1 Teoretický základ (6 pages)\\
- 2 Metody a data (2 pages)\\
- 3 Praktická část (26 pages)\\
- 4 Diskuse a doporučení (2 pages)\\
- 5 Závěr (1 page)\\
- Úvod (1 page)
\par
\subsection{“Obsah” (“Populární karetní hry z pohledu teorie her.pdf”, p. 6)}

\par
The list of contents for heading 1 from the web page context is as follows:\\
- 1. Teorie her (6 pages)\\
- 2. Poker (10 pages)\\
- 3. Praktická část (16 pages)\\
- Úvod (1 page)\\
- Závěr (1 page)
\par
\subsection{“Obsah” (“tm4cleevio.pdf”, p. 6)}

\par
The list of contents for heading 1 from the web page context is as follows:\\
- 1. Týmy (6 pages)\\
- 2. Týmová práce (6 pages)\\
- 3. Management (5 pages)\\
- 4. Cleevio (3 pages)\\
- 5. Model (21 pages)\\
- Úvod (2 pages)\\
- Závěr (1 page)
\par
\section{Úvody}

\subsection{“Úvod” (Šubrt, p. 11) Here is a summary of the "Introduction" chapter from the web page context:}

\par
- The world is surrounded by information technology and people own mobile phones, computers, tablets and other modern devices with internet access.\\
- The internet was originally created for communication between universities and scientific institutions but has since expanded to the general public.\\
- E-commerce has rapidly gained popularity due to its convenience.\\
- E-commerce businesses aim to gain popularity, prestige and maximize profits but it can be difficult to achieve these goals due to competition.\\
- One tool that can help is data analysis of past sales.\\
- Advanced E-commerce tools such as SalesForce and SAP CRM can be expensive for small businesses or start-ups.\\
- The author was motivated to choose the topic of designing an application and database visualizing e-shop data because it could be used as a quick, free start for a smaller project.
\par
\subsection{“Úvod” (“Bezpečnost SQL databázových služeb v cloudu.pdf”, p. 13) Here is a summary of the "Introduction" chapter from the web page context:}

\par
- The market is experiencing a significant growth in interest in cloud databases.\\
- MarketsandMarkets predicts a doubling of investments in this area by 2025.\\
- Cloud and databases in it are no longer just for small and medium-sized businesses, but also for large organizations in business, education, healthcare and government.\\
- The issue of data security in the cloud environment is therefore essential.\\
- The author was motivated to work on this topic due to the planned migration of data to the cloud that is currently taking place in the company where she is employed.\\
- The main goal of the thesis is to compare selected cloud database services in terms of data protection options offered.\\
- The aim of the thesis is to introduce the reader with basic security risks so he will be capable of deciding on the appropriateness or inappropriateness of using a certain platform.\\
- The bachelor’s thesis should be particularly beneficial for students interested in data security issues, for managers deciding on the inclusion of a certain tool in a project, or for database administrators.
\par
\subsection{“Úvod” (“Daňové úniky v oblasti DPH.pdf”, p. 6) Here is a summary of the "Introduction" chapter of the thesis in bullet points:}

\par
- The thesis deals with tax evasion in the area of VAT.\\
- The main goal of the thesis is to analyze the impact of control reporting on tax evasion in the field of value-added tax (VAT).\\
- The theoretical part discusses the nature of value-added tax and the concept of tax evasion, including measures introduced to combat it.\\
- The practical part examines the impact of control reporting in relation to VAT collection for the period 2014-2020, in connection with active VAT payers and the evaluation of excessive deductions before and after the introduction of control reporting.\\
- Data from the Annual Reports and Statistics of the Financial Administration for the given period are used to achieve the main goal.\\
- The next phase is to assess administrative costs in terms of cost-effectiveness and efficiency of tax administration and to evaluate a questionnaire survey from the perspective of a tax subject in connection with control reporting.
\par
\subsection{“Úvod” (“Identifikace a popis slabin interní komunikace v malém podniku.pdf”, p. 1)}

\par
Here is a summary of the "Úvod" chapter from the web page in bullet points:\\
- Effective internal communication is a necessary prerequisite for the functioning of any business.\\
- The author discusses the common issue of communication not functioning as it should.\\
- Employees may not understand the company's vision if it is not properly explained to them, and employers may complain that employees have not understood it correctly.\\
- Employees may be afraid to express their opinions to their superiors and vice versa, superiors may not take their employees seriously.\\
- Every business should have a proper communication strategy in place that will be different in every case.\\
- The author discusses the interdependence of internal and external communication and how internal communication affects not only the functioning of the organization internally but also externally and as a whole.\\
- The importance of internal communication should not be underestimated and its significance is constantly growing.\\
- This work deals with the internal communication of a specific family business where internal communication mainly takes place on an informal level due to the size of the business and its management style.\\
- The author identifies areas where communication is most problematic according to employees using a standardized ICSQ questionnaire followed by interviews with employees and then with the employer.
\par
\subsection{“Úvod” (“Komparace obchodních modelů streamovacích společností využívající příjmový model předplatného.pdf”, p. 2)}

\par
The "Úvod" (Introduction) chapter of this bachelor thesis from Vysoká škola ekonomická v Praze, written by Mikoláš Voborský in 2022, can be summarized in the following points:

- The way people watch movies and TV shows has changed significantly over the past decade due to companies like Netflix implementing a subscription revenue model.\\
- Customers have become accustomed to the idea of subscribing to a product rather than owning it.\\
- Companies from various industries have been forced to transform their business and revenue models to meet customer demands.\\
- The author finds this transformation fascinating and has decided to explore it in more depth.\\
- The goal of the thesis is to compare the business models of streaming companies using a subscription revenue model, evaluate their specifics and identify their differences.\\
- The problem addressed in the thesis is related to the growing popularity of the subscription economy.\\
- The practical part of the thesis will consist of constructing Business Model Canvases for seven selected streaming companies using content analysis.
\par
\subsection{“Úvod” (“Neomezená dovolená ve firmách v České republice.pdf”, p. 5)}

\par
Here is a summary of the "Introduction" chapter from the web page context:\\
- The competitiveness of companies is increasingly expanding from the field of business and competitiveness to the field of the labor market.\\
- The high rate of unemployment has resulted in a shortage of qualified and sometimes quality candidates for the position being filled.\\
- It is important for companies to work on retaining their current employees and attracting new potential employees.\\
- The number and diversity of employee benefits that are intended to attract, motivate performance or retain employees in the company is constantly increasing, while their effectiveness is being thoroughly addressed.\\
- The current trend in employee benefits is unlimited vacation, where the employee is not limited by the standard 4-6 weeks of vacation per year.\\
- The idea of unlimited vacation should bring employees sufficient autonomy, work-life balance and well-being.\\
- The high degree of autonomy is what causes distrust and fear among most companies that employees will abuse this benefit.\\
- Distrust can also come from employees who are afraid to use this benefit or are unsure how it works exactly.\\
- The goal of this bachelor's thesis is to find out how the employee benefit of unlimited vacation works in companies in the Czech Republic, how it is applicable, used by employees and what its use brings to companies.
\par
\subsection{“Úvod” (“Populární karetní hry z pohledu teorie her.pdf”, p. 8)}

\par
Here is a summary of the "Úvod" chapter from the web page in bullet points:\\
- The author discusses card games as a symbol of gambling and their use in defining historical eras, social environments, average age, and intellectual level of players.\\
- The focus of the bachelor's thesis is on the famous card game poker.\\
- Poker has been in existence for over 450 years and is still popular today.\\
- The development of internet technologies at the end of the 20th century allowed poker to spread worldwide.\\
- There are now more than 30 types of poker, each with its own rules and popularity among players.\\
- Some games are played only for fun at home while others have an official character with tournaments where people play for money.\\
- The most significant poker games are Texas Holdem, Community card poker, Stud and Draw poker.\\
- Millions of people play poker worldwide and the most experienced players do so professionally.\\
- With the rapid development of artificial intelligence and supercomputers in recent years, poker has become a subject of research from a statistical and mathematical analysis perspective.\\
- The goal of this work is to show how poker differs from other card games and to find an optimal strategy that will bring the player the greatest return.
\par
\subsection{“Úvod” (“tm4cleevio.pdf”, p. 8)}

\par
Here is a summary of the "Úvod" chapter from the web page in bullet points:\\
- The author discusses task management and its natural side.\\
- The author chose a topic for their bachelor's thesis that would be meaningful and could be applied and used.\\
- The main goal is to analyze the current situation and propose an optimal task management model for the company Cleevio s.r.o. to effectively manage both its employees and projects.\\
- The secondary goal is to create a stable and transferable document that will represent basic know-how.\\
- The author discusses the benefits of the proposed model, including cost savings for both the company and its clients, as well as improving employee morale.\\
- The structure of the thesis is hierarchical and meets the formal requirements set by the faculty.\\
- The theoretical basis of the work was preceded by a literature search.\\
- The basic assumption for success will be the implementation of a specific tool and model into the company, followed by familiarizing personnel with the model and monitoring its fulfillment.
\par
\section{Zdroje}

\par
“Použitá literatura” (“Bezpečnost SQL databázových služeb v cloudu.pdf”, p. 46) 
\par
1. ALANI M., 2016. Elements of cloud computing security : a survey of key practicalities. Cham, Switzerland. ISBN 9783319414119. AMAZON RDS, nedatováno. Produktová dokumentace [online] [vid.2022-11-17]. Dostupné z: https://aws.amazon.com/rds/

1. AMAZON RDS SECURITY, nedatováno. Produktová dokumentace [online] [vid.2022-1117]. Dostupné z: https://aws.amazon.com/rds/features/security/

1. ALIBABA APSARADB RDS, 2022. ApsaraDB RDS Security White Paper [online] [vid.202211-17]. Dostupné z: https://www.alibabacloud.com/help/en/apsaradb-forrds/latest/security-white-paper

1. BEN NATAN, R., 2007. Implementing Database Security and Auditing. Boston : Digital Press. ISBN 1-55558-334-2.

1. BHATTI, H. J. a RAD, B. B., 2017. Databases in Cloud Computing: A Literature Review. Dostupné také z: https://www.academia.edu/32555850/Databases\_in\_Cloud\_Computing\_A\_Literature\_ Review

1. BROWNING, J., 2015. Security Features in the Teradata Database [online] [vid.2022-1117]. Dostupné z: https://assets.teradata.com/resourceCenter/downloads/WhitePapers/EB1895\_Security\_ \%20Features\_in\_the\_Teradata\_Database.pdf

1. CASPIO, nedatováno. Produktová dokumentace [online] [vid.2022-11-17]. Dostupné z: https://caspio.com/platform-overview/

1. CLOUD SECURITY ALLIANCE, nedatováno. History (of CSA) [online] [vid.2022-05-14]. Dostupné z: https://cloudsecurityalliance.org/about/history/

1. COESSLING, S. a JACKSON, K L., 2018. Architecting cloud computing solutions : build cloud strategies that align technology and economics while effectively managing risk. Birmingham. ISBN 978-1-78847-242-5.

1. CURINO, C. et al., 2011. Relational Cloud: A Database-as-a-Service for the Cloud, konferenční příspěvek 5th Biennial Conference on Innovative Data Systems Research. Dostupné také z: https://www.cidrdb.org/cidr2011/Papers/CIDR11\_Paper33.pdf

1. DATABRICKS, nedatováno. Produktová dokumentace [online] [vid.2022-11-25]. Dostupné z: https://www.databricks.com/product/databricks-sql

1. DATABRICKS, 2022. Security overview [online] [vid.2022-11-25]. Dostupné z: https://docs.databricks.com/security/security-overview-e2.html 47

1. GOOGLE, 2022. Security whitepapers. [online] [vid.2022-05-14]. Dostupné z: https://cloud.google.com/docs/security

1. GOOGLE CLOUD SQL, nedatováno. Produktová dokumentace [online] [vid.2022-11-17]. Dostupné z: https://cloud.google.com/sql

1. GUPTA, B. et al., 2020. Handbook of computer networks and cyber security [elektronický zdroj] : principles and paradigms. ISBN 9783030222772.

1. IBM DB2 on Cloud, nedatováno. Produktová dokumentace [online] [vid.2022-11-17]. Dostupné z: https://cloud.ibm.com/docs/Db2onCloud

1. JCMR, 2022. Database as a Service (DBaaS) Provider Industry Analysis. [online] [vid.202205-14]. Dostupné z: https://jcmarketresearch.com/report-details/1298145

1. KRUTZ R. L., 2010. Cloud security: a comprehensive guide to secure cloud computing. ISBN 9780470589878.

1. MARKETS AND MARKETS, 2020. Cloud database and DbaaS market [online] [vid.202205-14]. Dostupné z: https://www.marketsandmarkets.com/Market-Reports/clouddatabase-as-a-service-dbaas-market-1112.html

1. MEHAK, F. et al., 2014. Security Aspects of Database-as-a-Service (DBaaS) in Cloud Computing. Dostupné z: https://www.researchgate.net/publication/278712662\_Security\_Aspects\_of\_Databaseas-a-Service\_DBaaS\_in\_Cloud\_Computing

1. MICROSOFT AZURE SQL DATABASE, nedatováno. Produktová dokumentace [online] [vid.2022-11-17]. Dostupné z: https://azure.microsoft.com/cs-cz/products/azuresql/database/\#features

1. MICROSOFT LEARN, 2022a. SQL Advanced Threat Protection [online] [vid.2022-11-17]. Dostupné z: https://learn.microsoft.com/cs-cz/azure/azure-sql/database/threatdetection-overview?view=azuresql

1. MICROSOFT LEARN, 2022b. Přehled funkcionalit zabezpečení Azure SQL Database a SQL Managed Instance [online] [vid.2022-11-17]. Dostupné z: https://learn.microsoft.com/cscz/azure/azure-sql/database/security-overview?view=azuresql

1. MICROSOFT LEARN, 2022c. Always Encrypted [online] [vid.2022-11-17]. Dostupné z: https://learn.microsoft.com/cs-cz/sql/relational-databases/security/encryption/alwaysencrypted-database-engine?view=sql-server-ver16 NIST, 2011. The NIST Definition of Cloud Computing. [online] [vid. 2022-05-14]. Dostupné z: https://csrc.nist.gov/publications/detail/sp/800-145/final\\
1. ORACLE, 2021. Securing the Oracle database. A technical primer. [online] [vid.2022-0514]. Dostupné z: https://download.oracle.com/database/oracle-database-securityprimer.pdf
\par
“Použitá literatura” (“tm4cleevio.pdf”, p. 53) 
\par
1. ARMSTRONG, M., STEPHENS, T., Management a leadership. Praha: Grada Publishing, 2008. s. 272. ISBN 978-80-247-2177-4

2. CEJTHAMR, V. a kolektiv. Virtuální týmy a virtuální organizace. Praha: Nakladatelství Oeconomica, 2009. s. 83. ISBN 978-80-245-1611-0.

3. DOLEŽAL, J., KRÁTKÝ J., Projektový management v praxi. Praha: Grada Publishing, 2017. s. 176. ISBN 978-80-247-5693-6

4. DOUCEK, P. Řízení projektů informačních systémů. Praha: Professional Publishing, 2006. s. 180. ISBN 978-80-8641-971-8

5. GARTNER. Saas. [online]. 2018 [cit. 2018-03-19]. Dostupné z www: https://www.gartner.com/it-glossary/software-as-a-service-saas/

6. HARTL P., HARTLOVÁ H. Psychologický slovník. Praha: Portál, 2000. s. 800. ISBN 97880-7367-686-5

7. HAVLÍK, R. Pracovní texty předmětu Logistika. [online]. 2005 [cit. 2018-03-19]. Dostupné z www: http://www.kvs.tul.cz/download/logistika/07\_logistika\_4\_kanban\_tisk.pdf

8. HORVÁTHOVÁ, P. Týmy a týmová spolupráce. Praha: ASPI, 2008. s. 200. ISBN 978-807357-390-4

9. KOLAJOVÁ, L. Týmová spolupráce: Jak efektivně vést tým pro dosažení nejlepších výsledků. Praha: Grada Publishing, 2006. s. 112. ISBN 80-247-1764-6

10. MIKULÁŠTÍK, M., Manažerská psychologie. Praha: Grada Publishing, 2015. s. 344 ISBN 978-80-247-4221-2

11. RICKAYZEN, A., MAUS, H., AALST, W. Challenges for business Process and Task Management. JOURNAL OF UNIVERSAL KNOWLEDGE MANAGEMENT (J.UKM) [online]. 2005, VOL.0, NO.2. cit. [2018-03-18]. Dostupné z www: https://pdfs.semanticscholar.org/2fa2/f8d1a782c8211c5337584fa00ffe57ad0564.pdf 54

12. SHOLTES R., P. The Leader's Handbook. USA: McGraw Hill Professional, 1997. s. 415. ISBN 978-00-7058-028-2

13. SVOZILOVÁ, A. Projektový management. Praha: Grada Publishing, 2007. s. 356. ISBN 80-247-1501-5

14. VEBER, J. a kolektiv. Management. Praha: Management Press, 2009. s. 734. ISBN 97880-7261-274-1
\par
“Použitá literatura” (“Populární karetní hry z pohledu teorie her.pdf”, p. 46) 
\par
cca 25
\par
“Reference” (“Neomezená dovolená ve firmách v České republice.pdf”, p. 45) 
\par
40
\par
“Použité informační zdroje” (Šubrt, p. 59) 
\par
(1) Mobile Statistics Report, 2021-2025 [online]. In: . 18.11.2022 [cit. 2022-12-11]. Dostupné z: https://www.radicati.com/wp/wpcontent/uploads/2021/Mobile\_Statistics\_Report,\_20212025\_Executive\_Summary.pdf

(2) MACHALA, Miroslav. Historie Internetu a jeho budoucí využití [online]. [cit. 2022-12-11]. Dostupné z: https://is.muni.cz/th/at4cy/Historie\_Internetu\_a\_jeho\_budouci\_vyuziti.pdf

(3) F. Arab, H. Selamat and M. Zamani, "An overview of success factors for CRM," 2010 2nd IEEE International Conference on Information and Financial Engineering, 2010, pp. 702-705, doi: 10.1109/ICIFE.2010.5609453.

(4) SOCHOR, Jiří; BENEŠ, Bedřich; FELKEL, Petr; ŽÁRA, Jiří. Vizualizace (Vizualization). 1. vyd. Praha : FEL ČVUT Praha, 1997. 197 str. ISBN 80-0101582-3. Dostupné online. Archivováno 24. 9. 2015 na Wayback Machine.

(5) G. Scott Owen (1999). History of Visualization Archivováno 2012-10-08 Wayback Machine.

(6) O'DONOGHUE, Seán I., Benedetta Frida BALDI, Susan J. CLARK, et al. Visualization of Biomedical Data. Annual Review of Biomedical Data Science [online]. 2018, 1(1), 275-304 [cit. 2022-12-04]. ISSN 2574-3414. Dostupné z: doi:10.1146/annurev-biodatasci-080917-013424KEUNING, Johannes. The van langren family.

(7) Imago Mundi [online]. 2008, 13(1), 101-109 [cit. 2022-12-04]. ISSN 0308-5694. Dostupné z: doi:10.1080/030856956085921306

(8) Alternative Visuals to Line Charts for Time Series Data [online]. V: . [cit. 2022-12-03]. Dostupné z: https://adroitinsight.com/2021/11/6-alternativevisuals-to-line-charts-for-time-series-data/

(9) HEER, Jeffrey, et al. Graphical histories for visualization: Supporting analysis, communication, and evaluation. IEEE transactions on visualization and computer graphics, 2008, 14.6: 1189-1196.

(10)~ Za poslední dva roky se na světě vygenerovalo 90 \% celkového objemu dat. In: Tyinternety [online]. 2021 [cit. 2022-12-03]. Dostupné z: https://tyinternety.cz/technologie/za-posledni-dva-roky-se-na-svetevygenerovalo-90-celkoveho-objemu-dat/

(11)~ ALMEIDA, Jardson. Activity Monitor App [online]. In: . [cit. 2022-1204]. Dostupné z: https://www.sketchappsources.com/free-source/1929-activitymonitor-app-concept-sketch-freebie-resource.html Použité informační zdroje~ 60

(12)~ MORENO, Guadalupe. A la espera de un Big Bang de datos [online]. In: . [cit. 2022-12-04]. Dostupné z: https://es.statista.com/grafico/17734/cantidadreal-y-prevista-de-datos-generados-en-todo-el-mundo/

(13)~ Data KHK [online]. In: . [cit. 2022-12-04]. Dostupné z: https://www.datakhk.cz/datasets/ab928607832141f8bebb36261593107a\_0.csv?o utSR=\%7B\%22latestWkid\%22\%3A3857\%2C\%22wkid\%22\%3A102100\%7D

(14)~ LiveCharts 2.0 for WinForms [online]. [cit. 2022-12-04]. Dostupné z: https://lvcharts.com/docs/winforms/2.0.0-beta.330

(15)~ dos Santos, V. F., Sabino, L. R., Morais, G. M., \& Gonçalves, C. A. (2017). E-commerce: A short history follow-up on possible trends. International Journal of Business Administration, 8(7), 130-138. (16)~ TUFTE, Edward R. The visual display of quantitative information. 2nd ed. Cheshire: Graphics Press, 2007. ISBN 0-9613921-4-2.

(17)~ What Sales Data Visualization can do for Your Sales Team and How to Execute it Like a Pro [online]. 22.4.2022 [cit. 2022-12-11]. Dostupné z: https://about.crunchbase.com/blog/sales-data-visualization/

(18)~ YI, Mike. A Complete Guide to Grouped Bar Charts. In: Chartio [online]. [cit. 2022-12-11]. Dostupné z: https://chartio.com/learn/charts/grouped-bar-chart-complete-guide/

(19)~ William Playfair’s 1821 time series graph of prices, wages, and ruling monarch over a 250 year period. Source : Playfair (1821), image from Tufte (1983, p. 34)

(20)~ Schmidt, J. W., Matthes, F., Müller, R., Büchner, T., Kokic, D. E. D., \& Ginsburg, M. A Comparison of Web Visualization Frameworks for eBusiness Applications Using the Example of an Online Shop.

(21)~ BUTTENFIELD, Barbara P.; MACKANESS, William A. Visualization. In: Geographical information systems. Vol. 1: principles. Longman/Wiley, 1991. p. 427-443.

(22)~ ŠVECOVÁ, Lenka; OSTAPENKO, Galina; VEBER, Jaromír. Impact of Global Trends and the Coronavirus Challenge on Consumer Behavior. In: 2020 6th International Conference on Social Science and Higher Education (ICSSHE 2020). Atlantis Press, 2020. p. 1005-1009.

(23)~ Make a Compelling Data Story With Trend Chart. In: Https://ppcexpo.com/blog/trend-chart-example[online]. [cit. 2022-12-12].
\par
“5 Reference” (“Komparace obchodních modelů streamovacích společností využívající příjmový model předplatného.pdf”, p. 65) 
\par
cca 250
\par
“6 Použitá literatura” (“Identifikace a popis slabin interní komunikace v malém podniku.pdf”, p. 45) 
\par
cca 27
\par
“Seznam použité literatury a pramenů” (“Daňové úniky v oblasti DPH.pdf”, p. 53) cca 40},
  groups = {examples},
  timestamp = {2023-11-14T00:07:11Z}
}

@misc{BPMapovaniproblematiky,
  title = {{{BP}}.{{Mapování-problematiky}}},
  keywords = {/unread},
  note = {\section{mapování problematiky}

\par
\href{zotero://note/u/AFUJR9NC/}{Task management ve skautském oddíle}},
  timestamp = {2023-11-11T19:36:38Z}
}

@misc{BPObjectivesV2,
  title = {{{BP}}.{{Objectives}}.v2.Návrh},
  keywords = {/unread,state/0/processed},
  note = {\begin{itemize}

\item 
\par
Jak konkrétně se u nás aktuálně řídí úkoly? respektive, jak vypadá jejich životní cyklus?
\par
\item 
\par
Které fáze?
\par
\item 
\par
Jaké informace zahrnují?
\par
\end{itemize}

\par
\begin{itemize}

\item 
\par
Jaká je aktuální infrastruktura společnosti?
\par
\end{itemize}

\par
\begin{itemize}

\item 
\par
Jak měříš efektivitu?
\par
\end{itemize}

\par
\begin{itemize}

\item 
\par
A formát?
\par
\item 
\par
A uložiště?
\par
\item 
\par
A struktura?
\par
\end{itemize}

\par
\begin{itemize}

\item 
\par
Jaké konkrétní rozhodování by mělo být zohledněno při návrhu?
\par
\end{itemize}

\par
Jak získám vhodnou složkovou strukturu?
\par
\href{zotero://note/u/FDKHZAUH/}{otazk}
\par
Které cesty naše lidské zdroje používají | znají?},
  groups = {v2},
  timestamp = {2023-11-08T00:33:36Z}
}

@misc{BPObjectivesV2a,
  title = {{{BP}}.{{Objectives}}.v2.Pokus1},
  keywords = {/unread,state/0/processed},
  note = {[typ::"Objective"] [pořadí::1] [stav::5\%]
\par
\section{kterým param věnovat pozornost}

\begin{quotation}

\end{quotation}

\section{Metoda}

\section{Produkty}

\begin{itemize}

\item 

\end{itemize}

\section{Přínosy}

\begin{itemize}

\item 

\end{itemize}

\section{"Ohraničení"}

\begin{itemize}

\item 

\end{itemize}

\subsubsection{\emph{Záměr}}

\begin{itemize}

\item 
\par
Jaké údaje o schůzkách a výpravách by se hodily při plánování?
\par
\item 
\par
Vybrat údaje, které ukládat.
\par
\item 
\par
"tier-list"-dotazník pro vedoucí na srovnání dostupných parametrů podle "žádanosti"c:
\par
{$>$}  Určit jaké údaje o obsahu schůzek a výprav je vhodné zaznamenávat z hlediska času vyžadovaného pro jejich zápis (a pořadí v žebříčku předpokládaného užitku).{$>$}  pro způsoby zaznamenávání údajů o obsahu schůzek a výprav z hlediska vyžadovaného času a předpokládaného užitku při plánování
\par
m
\par
- lit+me\emph{- Vyhodnotit užitečnost zaznamenání plánovaných parametrů schůzek a výprav na základě}

\end{itemize}

\par
[typ::"Objective"] [pořadí::2] [stav::2\%]
\par
\section{Hodnocení -jak?}

\section{Metoda}

\begin{itemize}

\item 
\par
lit
\par
\item 
\par
int
\par
\end{itemize}

\section{Produkty}

\begin{itemize}

\item 

\end{itemize}

\section{Přínosy}

\begin{itemize}

\item 

\end{itemize}

\section{"Ohraničení"}

\begin{itemize}

\item 

\end{itemize}

\subsubsection{\emph{\emph{Záměr}}}

\begin{itemize}

\item 
\par
Jak hodnotit úspěšnost produktů?
\par
\item 
\par
vybrat metriky pro hodnocení
\par
\item 
\par
postup taky. nebo jako klidné primárně postup, stejně zahrnuje metrikyc:
\par
\emph{{$>$} Určit postupy hodnocení schůzek a výprav, které budou produkovat co nejkvalitnější [[k plánování využitelné údaje | zpětnou vazbu/hodnocení]], nebudou ani z 20\% v rozporu se [[skautské prostředí]], a zároveň dohromady nebudou trvat déle než [[vymezený čas - hodnocení]] .}

\end{itemize}

\par
[typ::"Objective"] [pořadí::3] [stav::2\%]
\par
\section{*systém na ukládání}

\begin{quotation}

\par
.
\par
\end{quotation}

\section{Metoda}

\begin{itemize}

\item 
\par
lit
\par
\end{itemize}

\section{Produkty}

\begin{itemize}

\item 

\end{itemize}

\section{Přínosy}

\begin{itemize}

\item 

\end{itemize}

\section{"Ohraničení"}

\begin{itemize}

\item 

\end{itemize}

\subsubsection{\emph{Záměr}}

\begin{itemize}

\item 
\par
struktura složek
\par
\item 
\par
struktura dokumentů
\par
\item 
\par
Jak by měly být údaje uloženy, aby jejich získávání z uložiště bylo co nejsnažší (nejpříjemnější)?
\par
\end{itemize}

\par
[typ::"Objective"] [pořadí::4] [stav::2\%]
\par
\section{Plánování}

\begin{quotation}

\par
jaké využití záznamů .
\par
\end{quotation}

\section{Metoda}

\begin{itemize}

\item 
\par
lit
\par
\end{itemize}

\section{Produkty}

\begin{itemize}

\item 

\end{itemize}

\section{Přínosy}

\begin{itemize}

\item 

\end{itemize}

\section{"Ohraničení"}

\begin{itemize}

\item 

\end{itemize}

\subsubsection{\emph{Záměr}}

\begin{itemize}

\item 
\par
Kdo, kdy a proč k nim bude přistupovat?respektive,
\par
\item 
\par
co v nich bude hledat?
\par
\end{itemize}

\par
[typ::"Objective"] [pořadí::5] [stav::2\%]
\par
\section{Komunikace}

\begin{quotation}

\par
.
\par
\end{quotation}

\section{Metoda}

\begin{itemize}

\item 
\par
imp
\par
\end{itemize}

\section{Produkty}

\begin{itemize}

\item 

\end{itemize}

\section{Přínosy}

\begin{itemize}

\item 

\end{itemize}

\section{"Ohraničení"}

\begin{itemize}

\item 

\end{itemize}

\subsubsection{\emph{Záměr}}

\begin{itemize}

\item 
\par
úspěšně komunikovat ostatním sestavené postupy.
\par
\item 
\par
vytvořit dokumentaci
\par
\end{itemize}},
  groups = {v2},
  timestamp = {2023-11-08T00:33:23Z},
  file = {raw.githubusercontent.com/simik394/BP/zadani_v2/_IN/gen/Dílčí cíle - Aim1 bard-answ.md:G\:\\Zotero\\storage\\BXWEUTYZ\\Dílčí cíle - Aim1 bard-answ.html:text/html}
}

@misc{BPOtazkyV2,
  title = {{{BP}}.{{Otázky}}.V2},
  keywords = {/unread,state/1/možná\_někdy},
  note = {\section{otázky (údajně..)}

\subsection{\textbf{TOPIC:}}

\par
I am working on the topic -řízení úkolů ve skautskám oddíle,
\par
\subsection{\textbf{QUESTION:}}

\par
because I want to find out -jak vhodně, z dlouhodobého hlediska, zaznamenávat a ukládat informace vyžadované v průběhu životního cyklu úkolů, \^363f42
\par
\subsection{\textbf{SIGNIFICANCE:}}

\par
so that I can help others understand -jak si připravit materiály efektivně využitelné jako reference při rozhodování o budoucích aktivitách. \^88u86q
\par
\section{AImproved}

\par
Vaše výzkumná otázka je již dobře formulovaná, ale zde je několik možných vylepšení pro větší jasnost a konkrétnost:
\par
\subsection{\textbf{TÉMA:}~Pracuji na tématu}

\begin{itemize}

\item 
řízení a koordinace úkolů ve skautském oddíle,

\end{itemize}

\subsection{\textbf{OTÁZKA:}~Protože chci zjistit}

\begin{itemize}

\item 
jak efektivně zaznamenávat, sledovat a sdílet informace vyžadované v průběhu životního cyklu úkolů, včetně plánování, delegování, sledování pokroku a hodnocení,

\end{itemize}

\subsection{\textbf{VÝZNAM:}~Abych mohl pomoci ostatním pochopit}

\begin{itemize}

\item 
jak si připravit a organizovat materiály tak, aby byly efektivně využitelné jako reference při rozhodování o budoucích aktivitách a strategickém plánování.

\end{itemize}

\par
Doufám, že tato reformulace pomůže vašemu výzkumu! Pokud máte další otázky nebo potřebujete další pomoc, dejte mi vědět. 😊
\par
\href{zotero://note/u/DZC262D3/}{---v: 3.2}},
  groups = {v2},
  timestamp = {2023-11-08T00:39:08Z}
}

@misc{BPPodklady,
  title = {{{BP}}.{{Podklady}}},
  keywords = {/unread,extracted},
  note = {\subsection{Subject area:}

\begin{itemize}

\item 
\par
Task management [[Řízení úkolů]]
\par
\end{itemize}

\subsection{Sub-area:}

\begin{itemize}

\item 
\par
[[Ve skautskám oddíle]]
\par
\end{itemize}

\subsubsection{argumenty:}

\subsection{Problem:}

\subsubsection{možné:}

\subsubsection{vybraný:}

\subsubsection{argumenty:}

\subsection{Aspect of problem:}

\subsubsection{možné:}

\subsubsection{vybraný:}

\subsubsection{argumenty:}

\subsection{Aim:}

\begin{itemize}

\item 
\par
Automatizovat přeměnu záznamů o připravovaných programech na sdílené zkušenosti snadno využitelné při přípravách dalších programů.
\par
\end{itemize}

\subsubsection{args:}

\subsection{Objectives:}

\subsubsection{args:}

\subsection{Methods:}

\subsubsection{args:}

\subsection{Deliverables}

\subsection{Contributions:}

\subsection{Limitations:}

\subsubsection{args:}

\subsection{Structure:}

\subsection{Time-plan:}},
  timestamp = {2023-11-13T23:49:19Z}
}

@misc{BPPozadavky,
  title = {{{BP}}.{{Požadavky}}},
  keywords = {/unread,extracted},
  note = {\section{BP.Požadavky.Úvod}

\subsubsection{“Úvod” (Gála)}

\par
- [ ] Zvolené téma rozvádí, stručně ho zasazuje do souvislostí (může zde být i popis motivace k sepsání práce) a odpovídá na otázku, proč bylo téma zvoleno. Zasazuje téma do souvislostí a zdůvodňuje jeho nutnost a aktuálnost řešení.

- [ ] Obsahuje explicitně uvedený cíl práce. Text cíle práce je shodný s textem, který je uveden v zadání bakalářské práce, tj. s textem, který je uveden v systému InSIS a který je také uveden v části Abstrakt.\\
- [ ] Součástí úvodu je také stručné představení postupu zpracování práce (detailně je metodě zpracování věnována samostatná část vlastního textu práce).

- [ ] Úvod může zahrnovat i popis motivace k sepsání práce.
\par
\subsubsection{“Zpravidla text této pasáže práce utváří „trychtýř informací“ (Berndtsson \& al, 2008)” (Gála)}

\par
- [ ] Je zde představeno téma (Subject area).

- [ ] protože však jde zpravidla o rozsáhlejší téma, pak ho student zužuje a v rámci tématu formuluje jeho část (Sub-area).

- [ ] I v takto vymezené části zájmové oblasti existuje celá řada problémů, které je možné řešit. Ty jsou dále jsou stručně nastíněny. Z nich si student vybírá právě jeden problém a přesně ho specifikuje (Problem).

- [ ] Uvádí, že na problém, či jeho řešení lze nahlížet různě (Aspect of problem). Stručně argumentuje volbu problému a aspektu

- [ ] a následně explicitně formuluje cíl práce.
\par
\subsection{}},
  timestamp = {2023-11-13T23:49:43Z}
}

@misc{BPProblemyV2,
  title = {{{BP}}.{{Problémy}}.V2},
  keywords = {/unread,state/0/processed},
  note = {\subsection{Komunikace}

\par
nedostatečná komunikace mezi členy oddílu
\par
unclear communication
\par
Nedostatek konzistence nebo srozumitelnosti u vedoucích nebo členů oddílu
\par
Někteří členové oddílu mohou mít pocit, že úkoly jsou nudné, obtížné nebo nesmyslné, a proto se jim nechtějí věnovat. To může vést k tomu, že úkoly nebudou splněny včas, nebo vůbec. Aby se zvýšila motivace členů oddílu k plnění úkolů, je třeba zajistit, aby úkoly byly zajímavé, smysluplné a přiměřené jejich schopnostem. Také je důležité ocenit jejich snahu a výsledky, a poskytnout jim zpětnou vazbu a podporu.
\par
Možným řešením je vytvořit prostor pro pravidelnou a otevřenou komunikaci mezi skautskými vedoucími a členy, a také podporovat týmovou práci a vzájemnou pomoc při plnění úkolů.
\par
\subsection{Možnosti (Jak budu ten věnovaný čas trávit?)}

\par
\textbf{Problém 3:}
\par
Nedostatek znalostí nebo zkušeností u vedoucích nebo členů oddílu
\par
nedostatečná efektivita při plánování a delegování úkolů
\par
proactive planning and resource management can help overcome limitations caused by external factors
\par
absence of a centralized system for task tracking and monitoring
\par
Nedostatek plánovacích dovedností u vedoucích nebo členů oddílu.
\par
Členové oddílu mohou být zahlceni příliš mnoha úkoly najednou, nebo naopak nemít co dělat.
\par
se mohou cítit přetížení nebo stresovaní množstvím úkolů, které musí splnit. To může vést k tomu, že některé úkoly budou opomíjeny, odloženy nebo nedostatečně provedeny. Možným řešením je stanovit priority a realistické cíle pro každý úkol, a také využít dostupné zdroje, jako jsou například finanční prostředky, materiály nebo pomoc jiných skautských vedoucích nebo členů
\par
\subsection{Příležitosti (Kdy mi zbývá čas na skauta? Kdy můžu věnovat čas vymýšlení?realizování?)}

\par
\textbf{Problem 2:}
\par
conflicting schedules and limited availability of resources
\par
Nedostatek času nebo pozornosti
\par
Nedostatek flexibility a adaptability u vedoucích nebo členů
\par
\textbf{Problém 1:}
\par
nedostatečná motivace
\par
varying levels of commitment and engagement among
\par
[[Problems - page 1.png]]
[[Problems - page 2.png]]
[[Problems - page 3.png]]
\par
\subsection{Solování úkolů}

\par
nedostatečná spolupráce mezi členy týmu
\par
Encouraging a culture of teamwork and collaboration within the scout troop can also help mitigate the challenges associated with varying levels of commitment.
\par
\subsection{Zadání/delegování úkolu}

\par
chybí jasné a strukturované informace ohledně úkolů, které mají být vykonány
\par
it is crucial for scout leaders to prioritize effective communication and establish clear channels for task delegation
\par
fail to clearly delegate responsibilities or provide specific instructions
\par
Nedostatek komunikace mezi vedoucími a členy oddílu. Někdy není jasně sděleno, co je očekáváno od členů oddílu, jak mají splnit úkoly, nebo jak budou hodnoceni.
\par
Členové oddílu mohou mít různá očekávání a požadavky na úkol, a proto se mohou hádat o tom, jak ho provést. Aby se předešlo nejasnému zadání úkolů, je třeba formulovat je co nejpřesněji a nejpodrobněji možně. Také je vhodné poskytnout členům oddílu příklady dobrých a špatných řešení úkolů, a vysvětlit jim kritéria hodnocení.
\par
Možným řešením je zapojit skautské členy do volby a tvorby úkolů, které odpovídají jejich zájmům, schopnostem a hodnotám, a také jim poskytovat podporu, vedení a ocenění za jejich úsilí.},
  groups = {v2},
  timestamp = {2023-11-08T00:38:07Z}
}

@misc{ChatAllDoplnAim,
  title = {{{ChatAll}}.{{Doplň}}.{{Aim}}.v3.2},
  keywords = {BP.src,state/0/processed},
  note = {\section{Aim.v3.2}

\par
“Automatizovat přeměnu záznamů o připravovaných programech na sdílené zkušenosti snadno využitelné při přípravách dalších programů.” (“ChatAll.Doplň.Aim.v3.2”)
\par
“Automatizovat přeměnu záznamů o připravovaných programech na sdílené zkušenosti snadno využitelné při přípravách dalších programů” (“ChatAll.Doplň.Aim.v3.2”)
\par
“To develop a task management system that streamlines the process of assigning and tracking tasks within the scout troop, while also providing a platform for sharing experiences and best practices. / Vyvinout systém řízení úkolů, který by usnadnil proces přidělování a sledování úkolů uvnitř skautského oddílu a zároveň poskytoval platformu pro sdílení zkušeností a nejlepších postupů.” (“ChatAll.Doplň.Aim.v3.2”)
\par
“Automatizovat přeměnu záznamů o připravovaných programech na sdílené zkušenosti snadno využitelné při přípravách dalších programů.” (“ChatAll.Doplň.Aim.v3.2”)
\par
“Automatizovat přeměnu záznamů o připravovaných programech na sdílené zkušenosti snadno využitelné při přípravách dalších programů.” (“ChatAll.Doplň.Aim.v3.2”)
\par
“To automate the process of converting task records into readily usable shared experiences that can be easily utilized in the preparation of future programs.” (“ChatAll.Doplň.Aim.v3.2”)
\par
“The aim is to automate the process of documenting and managing tasks in scout groups, in order to improve efficiency, reduce errors, and provide a clear overview of the tasks and their status.” (“ChatAll.Doplň.Aim.v3.2”)
\par
“To develop a system for automating the conversion of records of past programs into easily accessible and utilizable information for future program preparations.” (“ChatAll.Doplň.Aim.v3.2”)
\par
“Develop a web and mobile application for scout troops to manage tasks and activities efficiently, promoting collaborative work and ensuring timely completion of projects.” (“ChatAll.Doplň.Aim.v3.2”)
\par
“To develop a tool or system that can automate the conversion of records of prepared programs into easily shareable experiences.” (“ChatAll.Doplň.Aim.v3.2”)
\par
“Automatizovat přeměnu záznamů o připravovaných programech na sdílené zkušenosti snadno využitelné při přípravách dalších programů.” (“ChatAll.Doplň.Aim.v3.2”)
\par
“To automate the conversion of program records into easily shareable and accessible experiences, enabling scouts to better utilize past experiences during the preparation of future activities” (“ChatAll.Doplň.Aim.v3.2”)
\par
“Develop a system to automate the process of converting program records into shareable experiences for future event preparations.” (“ChatAll.Doplň.Aim.v3.2”)
\par
“Automatizovat přeměnu záznamů o programech na sdílené zkušenosti využitelné při přípravě budoucích programů.” (“ChatAll.Doplň.Aim.v3.2”)
\par
“Automatizovat přeměnu záznamů o připravovaných programech na sdílené zkušenosti snadno využitelné při přípravách dalších programů.” (“ChatAll.Doplň.Aim.v3.2”)
\par
“Automatizovat přeměnu záznamů o programech na sdílené zkušenosti pro další využití.” (“ChatAll.Doplň.Aim.v3.2”)
\par
“Automatizovat proces přeměny záznamů o připravovaných programech na snadno využitelné sdílené zkušenosti při přípravách budoucích programů.” (“ChatAll.Doplň.Aim.v3.2”)
\par
“To design and implement a system that can automatically transform records of planned programs into shared experiences” (“ChatAll.Doplň.Aim.v3.2”)
\par
“To create a system that automatically converts program planning records into a format that can be easily shared and used to plan future programs.” (“ChatAll.Doplň.Aim.v3.2”)
\par
\section{Contributions.Aim.v3.2}

\par
“Efektivnější řízení úkolů ve skautských oddílech\\
Zlepšená kvalita připravovaných programů\\
Snazší výměna zkušeností mezi vedoucími” (“ChatAll.Doplň.Aim.v3.2”)
\par
“This task management system will contribute to the overall efficiency and effectiveness of the scout troop by reducing miscommunications, improving accountability, and promoting collaboration and learning. It will also serve as a valuable tool for future planning and preparation.” (“ChatAll.Doplň.Aim.v3.2”)
\par
“Přínosem práce bude vytvoření systému pro správu informací o programech, který zvýší efektivitu a kvalitu práce vedoucích skautských oddílů. Systém bude snižovat čas a námahu potřebné pro přípravu programů, zlepšovat sdílení a využívání zkušeností mezi vedoucími a podporovat spolupráci a komunikaci v rámci oddílu. Systém bude také přispívat k rozvoji a inovaci programů pro skauty a skautky a zvyšovat jejich zájem a zapojení.” (“ChatAll.Doplň.Aim.v3.2”)
\par
“Zlepšení efektivity přípravy programů ve skautském oddíle díky sdílení zkušeností a znalostí.” (“ChatAll.Doplň.Aim.v3.2”)
\par
“Improved planning efficiency\\
Increased effectiveness in program preparation\\
Reduced error and inconsistency” (“ChatAll.Doplň.Aim.v3.2”)
\par
“The proposed system will provide a centralized platform for storing and managing tasks in scout groups, which will improve efficiency and reduce” (“ChatAll.Doplň.Aim.v3.2”)
\par
“The system will improve the efficiency of the scouting organization by streamlining the process of preparing future programs.\\
The system will provide a centralized repository of information about past programs, making it easier for leaders to identify best practices and lessons learned.\\
The system will enable the scouting organization to make more informed decisions about future programs based on data-driven insights.” (“ChatAll.Doplň.Aim.v3.2”)
\par
“The developed platform will be released under an open-source license, allowing any scout troop worldwide to adopt and modify it according to their needs.\\
Documentation, including user guides, technical documentation, and case studies, will be shared publicly to aid others in understanding and replicating the solution.\\
Knowledge gained during development will be disseminated through blog posts, articles, or conference presentations, contributing to the broader discussion on task management and collaboration.” (“ChatAll.Doplň.Aim.v3.2”)
\par
“The development of a tool or system that automates the conversion of program records into shareable experiences can contribute to more efficient and effective program planning and implementation in scout groups. It can also facilitate knowledge sharing and collaboration among group members.” (“ChatAll.Doplň.Aim.v3.2”)
\par
“Automatizace připravy programů umožní ušetřit čas a pracovní nápovědu, zlepšit kvalitu a uživatelsky přívětivost nástrojů pro účastníky a zefektivnit celý proces připravy programů.” (“ChatAll.Doplň.Aim.v3.2”)
\par
“Increased efficiency in preparing future scouting activities by leveraging past experiences.\\
Improved resource allocation and reduced redundancy in planning.\\
Enhanced opportunities for scouts to learn and grow from past experiences.” (“ChatAll.Doplň.Aim.v3.2”)
\par
“The system will contribute to the overall efficiency and effectiveness of the scouting group by simplifying the process of preparing future events.” (“ChatAll.Doplň.Aim.v3.2”)
\par
“Automatizace přeměny záznamů o připravovaných programech na sdílené zkušenosti přináší několik přínosů. Prvním přínosem je zvýšení efektivity při přípravě dalších programů. Skauti budou mít snadný přístup k existujícím zkušenostem a budou je moci využít při plánování a organizaci svých aktivit.\\
Dalším přínosem je zlepšení komunikace a spolupráce mezi členy oddílu. Díky sdílení zkušeností budou mít skauti možnost se vzájemně inspirovat a učit se od sebe. To může vést k vytváření nových a inovativních programů.” (“ChatAll.Doplň.Aim.v3.2”)
\par
“Efektivnější příprava programů využitím zkušeností jiných oddílů.” (“ChatAll.Doplň.Aim.v3.2”)
\par
“Efektivnější plánování díky možnosti využít zkušeností jiných oddílů” (“ChatAll.Doplň.Aim.v3.2”)
\par
“Efektivnější plánování díky sdíleným zkušenostem.” (“ChatAll.Doplň.Aim.v3.2”)
\par
“Zlepšení efektivity přípravy programů díky snadnému sdílení zkušeností mezi oddíly.” (“ChatAll.Doplň.Aim.v3.2”)
\par
“Improved efficiency in the preparation of programs.\\
Reduced errors in the transformation process.\\
Enhanced quality of shared experiences.” (“ChatAll.Doplň.Aim.v3.2”)
\par
\section{Limitations.Aim.v3.2}

\par
“Omezené finanční prostředky pro vytvoření a udržování systému.\\
Nutnost zajištění technické podpory pro správný chod aplikace.\\
Možné odpor vedoucích nebo členů oddílu vůči změně a přijetí nového systému.\\
Struktura” (“ChatAll.Doplň.Aim.v3.2”)
\par
“Nástroj a aplikace jsou závislé na kvalitě vstupních dat\\
Vývoj a implementace nástroje a aplikace je časově náročný” (“ChatAll.Doplň.Aim.v3.2”)
\par
“The success of the system will depend on the willingness and participation of all troop members. There may also be technical challenges and limitations in terms of accessibility and compatibility with different devices and platforms.” (“ChatAll.Doplň.Aim.v3.2”)
\par
“Omezením práce bude zaměření pouze na skautské oddíly a jejich specifické potřeby a požadavky. Systém nebude vhodný pro jiné typy organizací nebo aktivit, které vyžadují jiný způsob správy informací o programech. Systém bude také závislý na dostupnosti a spolehlivosti internetového připojení a na ochotě a schopnosti uživatelů používat systém.” (“ChatAll.Doplň.Aim.v3.2”)
\par
“Systém bude závislý na ochotě členů oddílu sdílet své zkušenosti a aktivně využívat platformu.” (“ChatAll.Doplň.Aim.v3.2”)
\par
“Limited user comprehension\\
Difficulty in implementing AI system\\
Dependency on accurate task records” (“ChatAll.Doplň.Aim.v3.2”)
\par
“The system may require” (“ChatAll.Doplň.Aim.v3.2”)
\par
“Initially, the platform will cater specifically to scout troops, but its adaptability and potential for expansion to other contexts will be considered during development.\\
There may be resistance to adopting digital technology among some members, particularly those who prefer traditional methods.\\
Limited resources may restrict the scope of features and functionalities that can be developed.” (“ChatAll.Doplň.Aim.v3.2”)
\par
“The tool or system may require ongoing maintenance and updates to ensure its continued relevance and effectiveness. It may also require training and support for scout group members to effectively use and benefit from the tool or system.” (“ChatAll.Doplň.Aim.v3.2”)
\par
“The success of the new system depends on the buy-in and adoption by scout troop members, who may be resistant to change.\\
The platform or application may require ongoing maintenance and updates to ensure its continued effectiveness.\\
The system may not capture all nuances of past experiences, potentially leading to misunderstandings or misinterpretations.” (“ChatAll.Doplň.Aim.v3.2”)
\par
“The system’s effectiveness may be limited by the availability and quality of the data provided, as well as the complexity of the planned programs” (“ChatAll.Doplň.Aim.v3.2”)
\par
“Při implementaci automatizace přeměny záznamů o připravovaných programech na sdílené zkušenosti je třeba zohlednit některá omezení. Jedním z omezení může být technická infrastruktura, která je k dispozici. Je třeba zajistit dostatečnou kapacitu serveru pro ukládání dat a dostatečnou šířku pásma pro rychlý přenos dat.\\
Dalším omezením může být odpor členů oddílu vůči novým technologiím. Někteří skauti mohou preferovat tradiční způsoby zaznamenávání a sdílení zkušeností. Je důležité zajistit dostatečnou podporu a školení pro ty, kteří mají obavy z nových technologií.” (“ChatAll.Doplň.Aim.v3.2”)
\par
“Omezený rozsah testování, implementace jen základních funkcí.” (“ChatAll.Doplň.Aim.v3.2”)
\par
“Omezený rozsah ověření, zaměření na základní funkce” (“ChatAll.Doplň.Aim.v3.2”)
\par
“Omezený rozsah testování, zaměření na základní funkce.” (“ChatAll.Doplň.Aim.v3.2”)
\par
“The success of the system depends on the quality of the input data.\\
The system requires an initial investment in technology and training.\\
There may be a learning curve for users to adapt to the new system.” (“ChatAll.Doplň.Aim.v3.2”)
\par
\section{Objectives.Aim.v3.2}

\par
“Vytvořit systém pro snadnou digitalizaci a sdílení záznamů o programech.\\
Umožnit vedoucím a členům oddílu snadný přístup k sdíleným zkušenostem a nápadům při přípravě programů.\\
Zefektivnit proces přípravy programů ve skautském oddíle.” (“ChatAll.Doplň.Aim.v3.2”)
\par
“Vytvořit nástroj pro automatickou analýzu záznamů o připravovaných programech” (“ChatAll.Doplň.Aim.v3.2”)
\par
“Vytvořit webovou aplikaci pro sdílení zkušeností” (“ChatAll.Doplň.Aim.v3.2”)
\par
“Proškolit vedoucí skautských oddílů v používání nástroje a aplikace” (“ChatAll.Doplň.Aim.v3.2”)
\par
“Develop a user-friendly interface for task assignment and tracking\\
Implement automated reminders and notifications for upcoming tasks\\
Create a database of past tasks and experiences for easy reference and learning\\
Encourage collaboration and knowledge-sharing among troop members through the system\\
Evaluate the effectiveness of the system through regular feedback and updates” (“ChatAll.Doplň.Aim.v3.2”)
\par
“Navrhnout a implementovat systém pro správu informací o programech, který umožní:

Jednoduché a rychlé zadávání záznamů o programech pomocí šablon a formulářů\\
Ukládání záznamů o programech do centrální databáze s možností kategorizace, hodnocení a komentování\\
Vyhledávání záznamů o programech podle různých kritérií a filtrování\\
Zobrazování záznamů o programech v přehledné a srozumitelné formě\\
Exportování záznamů o programech do různých formátů (např. PDF, Word, Excel)” (“ChatAll.Doplň.Aim.v3.2”)
\par
“Vytvořit systém pro sběr a analýzu dat z připravovaných programů, vytvořit platformu pro sdílení zkušeností, implementovat systém do běžné praxe ve skautském oddíle.” (“ChatAll.Doplň.Aim.v3.2”)
\par
“Automate the process of translating task records into clear and accessible shared experience.\\
Create a system for tracking each individual’s responsibilities for completing tasks.\\
Implement a user-friendly interface for sharing tasks and responsibilities.” (“ChatAll.Doplň.Aim.v3.2”)
\par
“To develop a centralized system for storing and managing tasks in scout groups.\\
To standardize the documentation of tasks to reduce inconsistencies and duplicates.\\
To provide a clear overview of the tasks and their status to facilitate prioritization and management of the workload.\\
To automate the process of documenting and managing tasks to improve efficiency and reduce errors.” (“ChatAll.Doplň.Aim.v3.2”)
\par
“To create a centralized database for storing records of past programs.\\
To develop a system for automatically converting records of past programs into a standardized format.\\
To provide a user-friendly interface for accessing and utilizing the information in the database.” (“ChatAll.Doplň.Aim.v3.2”)
\par
“Create a user-friendly interface for adding, assigning, and tracking tasks.\\
Implement a notification system for reminding members of upcoming deadlines and important events.\\
Facilitate collaboration by enabling members to share files, comments, and feedback.\\
Develop a reporting feature for monitoring progress and analyzing performance.\\
Ensure platform compatibility with various devices and browsers.\\
Integrate security measures to safeguard sensitive data.” (“ChatAll.Doplň.Aim.v3.2”)
\par
“Develop a user-friendly interface for inputting and managing program information\\
Automate the process of converting program records into shareable experiences\\
Ensure the accuracy and completeness of the converted experiences\\
Facilitate easy access and sharing of the converted experiences among scout group members” (“ChatAll.Doplň.Aim.v3.2”)
\par
“Zlepšit účinnost připravy programů, snížit časovou a pracovní náročnost, zlepšit kvalitu a uživatelsky přívětivost nástrojů pro účastníky.” (“ChatAll.Doplň.Aim.v3.2”)
\par
“Develop a user-friendly and accessible platform for storing and sharing program experiences.\\
Automate the conversion of program records into a format that is easily understandable and applicable to future planning.\\
Increase the efficiency of resource allocation and preparation of future activities within the scout troop.” (“ChatAll.Doplň.Aim.v3.2”)
\par
“Streamline the process of converting program records into shareable experiences.\\
Improve the consistency and accuracy of shared experiences.\\
Reduce the time spent on manual tasks.” (“ChatAll.Doplň.Aim.v3.2”)
\par
“Navrhnout databázi pro ukládání a vyhledávání dat o programech.\\
Implementovat uživatelské rozhraní pro práci se systémem.\\
Ověřit funkčnost a užitečnost systému v praxi” (“ChatAll.Doplň.Aim.v3.2”)
\par
“Navrhnout databázi pro ukládání a vyhledávání informací o programech\\
Implementovat uživatelské rozhraní pro správu a prezentaci dat\\
Otestovat funkčnost systému v praxi” (“ChatAll.Doplň.Aim.v3.2”)
\par
“Navrhnout databázový systém pro evidenci programů.\\
Vytvořit uživatelské rozhraní pro správu dat.\\
Otestovat funkčnost systému v praxi.” (“ChatAll.Doplň.Aim.v3.2”)
\par
“Navrhnout a implementovat systém pro centrální ukládání a správu informací o programech.\\
Vytvořit uživatelsky přívětivé rozhraní pro přidávání, vyhledávání a sdílení informací.\\
Ověřit funkčnost a efektivitu systému prostřednictvím testování a zpětné vazby od vedoucích oddílů.” (“ChatAll.Doplň.Aim.v3.2”)
\par
“To increase efficiency in the preparation of programs by automating the transformation of records into shared experiences.\\
To reduce errors in the manual process of transforming and sharing experiences.\\
To improve the quality of shared experiences by making them easily usable in the preparation of other programs.” (“ChatAll.Doplň.Aim.v3.2”)
\par
“Reduce the time and effort required to plan and organize programs.\\
Improve the accuracy and consistency of program planning data.\\
Create a system that is easy to use and maintain” (“ChatAll.Doplň.Aim.v3.2”)
\par
\section{Problémy.Aim.v3.2}

\par
“Nedostatečná efektivita ve sdílení zkušeností a přípravě programů ve skautském oddíle.” (“ChatAll.Doplň.Aim.v3.2”)
\par
“Mnoho činností a aktivit, které je třeba naplánovat a zorganizovat\\
Často nedostatek času a zkušeností na to, aby se všechny činnosti povedly\\
Některé činnosti se opakují, ale při přípravě se stále znovu vymýšlí” (“ChatAll.Doplň.Aim.v3.2”)
\par
“Lack of efficient task management system / Nedostatečný systém řízení úkolů” (“ChatAll.Doplň.Aim.v3.2”)
\par
“Nedostatek efektivního systému pro sdílení zkušeností z přípravy programů” (“ChatAll.Doplň.Aim.v3.2”)
\par
“Práce s úkoly a přípravou programů pro skautský oddíl je often time-consuming and inefficient. It is difficult to determine the most effective way to plan upcoming activities.” (“ChatAll.Doplň.Aim.v3.2”)
\par
“The problem is that the current process of documenting and managing tasks in scout groups is time-consuming and often leads to duplicate work or inconsistencies in the documentation.” (“ChatAll.Doplň.Aim.v3.2”)
\par
“Inefficient manual processing of records of past programs, leading to difficulty in accessing and utilizing this information for future program preparations.” (“ChatAll.Doplň.Aim.v3.2”)
\par
“Inefficient management of tasks and activities within scout troops, leading to confusion, missed deadlines, and poor coordination among members.” (“ChatAll.Doplň.Aim.v3.2”)
\par
“The process of converting records of prepared programs into easily shareable experiences for use in preparing future programs is time-consuming and requires manual effort.” (“ChatAll.Doplň.Aim.v3.2”)
\par
“Připrava programů pro skautské oddíly je časově náročná a vyžaduje přesné a uživatelsky přívětivé nástroje pro účastníky.” (“ChatAll.Doplň.Aim.v3.2”)
\par
“The scout troop struggles with the efficient management and sharing of experiences and lessons learned from past programs, which hinders the preparation of future activities.” (“ChatAll.Doplň.Aim.v3.2”)
\par
“Need for an efficient system to manage tasks related to planning and organizing scouting events.” (“ChatAll.Doplň.Aim.v3.2”)
\par
“Nedostatečné sdílení zkušeností z minulých programů mezi oddíly.” (“ChatAll.Doplň.Aim.v3.2”)
\par
“Nelze efektivně využít poznatky získané z předchozích programů při plánování nových aktivit.” (“ChatAll.Doplň.Aim.v3.2”)
\par
“Omezené sdílení informací o programech mezi skautskými oddíly.” (“ChatAll.Doplň.Aim.v3.2”)
\par
“Nedostatečná výměna a sdílení informací o programech mezi skautskými oddíly.” (“ChatAll.Doplň.Aim.v3.2”)
\par
“Automating the transformation of records of planned programs into shared experiences easily usable in preparing other programs” (“ChatAll.Doplň.Aim.v3.2”)
\par
“Automating the conversion of program planning records into easily shareable experience that can be used to plan future programs.” (“ChatAll.Doplň.Aim.v3.2”)
\par
\section{Structure.Aim.v3.2}

\par
“Nástroj pro analýzu záznamů:

Import záznamů\\
Analýza záznamů\\
Export výstupu

Webová aplikace pro sdílení zkušeností:

Registrace uživatelů\\
Vytváření a úprava záznamů\\
Prohlížení a komentování záznamů” (“ChatAll.Doplň.Aim.v3.2”)
\par
“The task management system will consist of several components, including a dashboard for task assignment and tracking, a calendar for scheduling and reminders, a database of past tasks and experiences, and a forum for collaboration and knowledge-sharing.” (“ChatAll.Doplň.Aim.v3.2”)
\par
“Úvod: V této kapitole bude popsán kontext, motivace, cíl, předmět a metody práce, příspěvek a omezení práce a struktura práce.\\
Rešerše: V této kapitole bude provedena rešerše existujících řešení pro správu informací o programech a jejich srovnání podle různých kritérií.\\
Analýza:” (“ChatAll.Doplň.Aim.v3.2”)
\par
“Práce bude rozdělena do několika kapitol, které se budou zabývat analýzou potřeb, vývojem systému, testováním a implementací.” (“ChatAll.Doplň.Aim.v3.2”)
\par
“Introduction to problem and objectives\\
Methods to meet the objectives\\
Implementation of the AI model\\
Development of the tracking system\\
Creating the user-friendly interface\\
Conclusion summarizing contributions and limitations” (“ChatAll.Doplň.Aim.v3.2”)
\par
“User authentication and authorization\\
Task creation, assignment, and monitoring\\
Notification and reminder system\\
File sharing and collaboration space\\
Reporting and analytics module\\
Administration dashboard for managing users, tasks, and settings\\
Mobile app for convenient accessibility” (“ChatAll.Doplň.Aim.v3.2”)
\par
“Introduction and background information on the problem and aim\\
Research and analysis of existing tools and systems\\
Development and design of the custom tool or system\\
Collaboration with scout group members\\
Testing and evaluation of the tool or system\\
Ongoing maintenance and support” (“ChatAll.Doplň.Aim.v3.2”)
\par
“Introduction - Problem and aims\\
Background and current system analysis\\
Proposed solution and methods” (“ChatAll.Doplň.Aim.v3.2”)
\par
“Data extraction: Collect and organize data from program records.\\
Automation: Develop algorithms or scripts to process and convert the data into shareable experiences.\\
Data sharing: Implement a platform or tool for sharing the generated experiences” (“ChatAll.Doplň.Aim.v3.2”)
\par
“Úvod, teorie, návrh, implementace, testování, závěr.” (“ChatAll.Doplň.Aim.v3.2”)
\par
“Úvod, teoretický přehled, návrh systému, implementace, testování, závěr.” (“ChatAll.Doplň.Aim.v3.2”)
\par
“The system can be structured as a web-based application or a desktop application. It can include features like a user-friendly interface, data validation checks, error logging, and automated workflows.” (“ChatAll.Doplň.Aim.v3.2”)},
  groups = {v3},
  timestamp = {2023-11-14T00:18:51Z},
  file = {chatall.chat.html:G\:\\Zotero\\storage\\4K4DBIDJ\\chatall.chat.html:text/html;Doplň.BP.Cíle.Aim.v3.html:G\:\\Zotero\\storage\\V4P43QPP\\Doplň.BP.Cíle.Aim.v3.html:text/html}
}

@misc{chatallExplicitniCilePrace,
  title = {Explicitní Cíle Práce, Co by Měly Obsahovat?},
  author = {{ChatAll}},
  keywords = {BP.src,extracted},
  note = {\section{Explicitní cíle}

\subsection{ChatGPT}

\par
“Explicitní stanovení cílů pro bakalářskou práci je klíčové pro úspěšné dokončení projektu. Zahrnout byste měl následující body:” (“Explicitní cíle - chatall”)
\par
- [ ] \textbf{Formulace hlavního cíle:} Jasně a stručně vymeňte, co chcete v rámci práce dosáhnout. Hlavní cíl by měl být konkrétní, měřitelný, dosažitelný, relevantní a vázaný na čas (SMART cíl).

- [ ] \textbf{Stanovení podcílů}: Rozdělte hlavní cíl na menší kroky nebo úkoly, které je třeba splnit k dosažení hlavního cíle. Tyto podcíle by měly být také SMART.

- [ ] \textbf{Omezení a rozsah práce}: Definujte rozsah práce a určte, co bude zahrnuto a co nikoli. Uveďte, které metody a techniky budete používat, a také jaké budou omezení vaší studie.

- [ ] \textbf{Relevance} práce: Vysvětlete, proč je vaše práce důležitá a jaký přínos má pro danou oblast studia. Zaměřte se na to, jak může vaše práce přispět k existujícím znalostem.

- [ ]\textbf{ Metodologie:} Popište metody, které budete používat pro sběr dat a analýzu. Vysvětlete, proč jste zvolili dané metody a jak budou vhodné pro dosažení vašeho cíle.

- [ ] \textbf{Očekávané výsledky:} Popište, jaké výsledky očekáváte z vaší práce. To může zahrnovat nové poznatky, praktické doporučení nebo teoretické pochopení daného problému.\\
- [ ] \textbf{Časový plán:} Vytvořte časový plán, který obsahuje důležité termíny a milníky. To vám pomůže udržet práci na správné cestě a dodržet dané termíny.

- [ ] \textbf{Zdroje:} Uveďte zdroje, které budete používat k podpoře svých argumentů a analýz. To zahrnuje knihy, články, online zdroje a další relevantní materiály.

- [ ] \textbf{Etické záležitosti:} Pokud vaše práce zahrnuje sběr dat od lidí nebo citlivé informace, uveďte, jak budete zacházet s etickými otázkami a soukromím respondentů.

- [ ] \textbf{Revize a aktualizace:} Uveďte, jak budete průběžně revidovat a aktualizovat své cíle v případě potřeby. Práce na bakalářské práci může přinést nové poznatky, které mohou vyžadovat úpravu cílů. Dbejte na to, abyste měl jasno ve všech těchto bodech před tím, než začnete s práci na bakalářské práci. To vám pomůže udržet se na správné cestě a dosáhnout úspěšného výsledku.
\par
Bard
\par
“Explicitní stanovení cílů pro bakalářskou práci by mělo zahrnovat následující:” (“Explicitní cíle - chatall”)
\par
- [ ] Jasně a jednoznačně definovaný cíl práce. Cíl by měl být formulován tak, aby bylo jasné, co se má v práci dosáhnout. Vyvarujte se příliš obecných cílů, jako je například “prozkoumat téma X”. Cílem by mělo být něco konkrétního, jako například “vytvořit model pro predikci cen akcií” nebo “analyzovat účinnost nové léčby rakoviny”.\\
- [ ] Dílčí cíle. Dílčí cíle pomáhají rozdělit hlavní cíl práce na menší a zvládnutelnější úkoly. Dílčí cíle by měly být logicky odvozeny z hlavního cíle a měly by být měřitelné.\\
- [ ] Výstupy práce. Výstupy práce jsou výsledky práce, které jsou výsledkem dosažení cílů. Výstupy by měly být konkrétní a měřitelné.

Kromě toho by explicitní stanovení cílů mělo obsahovat následující:

- [ ] Odůvodnění cílů. Je důležité vysvětlit, proč jsou cíle práce důležité a proč je chcete dosáhnout.\\
- [ ] Související literaturu. Je vhodné uvést literaturu, která vás inspirovala k formulaci cílů práce.

Explicitní stanovení cílů je důležité pro úspěšné dokončení bakalářské práce. Jasně definované cíle vám pomohou zůstat na správné cestě a dosáhnout požadovaného výsledku.\\
Zde je několik tipů, jak formulovat explicitní cíle pro bakalářskou práci:

- [ ] Použijte přítomný čas. Cíl by měl být formulován tak, jako by se již dosáhl.\\
- [ ] Buďte konkrétní a měřitelní. Vyvarujte se obecných a neurčitých cílů.\\
- [ ] Buďte reální. Cíl by měl být dosažitelný v rámci stanoveného časového rámce a s dostupnými zdroji.

Při formulaci cílů své bakalářské práce se poraďte se svým vedoucím práce. Vedoucí vám může pomoci zajistit, aby byly vaše cíle jasné, měřitelné a dosažitelné.
\par
\subsection{Bing}

\par
“V explicitním stanovení cílů pro bakalářskou práci by mělo být zahrnuto následující:” (“Explicitní cíle - chatall”)
\par
- [ ] Cíl práce by měl být formulován jednoznačně a srozumitelně, optimálně jednou větou nebo souvětím. Cíl by měl vyjadřovat, co je záměrem a očekávaným výstupem práce.\\
- [ ] Cíl práce by měl být měřitelný, dosažitelný, reálný a časově ohraničený. Pro stanovení cílů lze použít metodu SMART, která zahrnuje tyto vlastnosti.\\
- [ ] Cíl práce by měl být v souladu s tématem a zadáním práce. Cíl by měl reflektovat aktuální stav poznání a problémy ve zkoumané oblasti. Cíl by měl být motivován a zdůvodněn.\\
- [ ] Cíl práce by měl být nepodmíněný, tzn. neobsahovat nejistá slovní spojení jako „rád bych“, „chtěl bych“, „mělo by se“ apod.

- [ ] Cíl by měl používat přítomný čas a konkrétní slovesa jako „nalezení“, „porovnání“, „vytvoření“ apod.\\
- [ ] Cíl práce by mohl být doplněn o dílčí cíle, které specifikují jednotlivé kroky nebo etapy k dosažení hlavního cíle. Dílčí cíle by měly být také formulovány podle výše uvedených kritérií.
\par
“Dobrý den! Pro explicitní stanovení cílů bakalářské práce by měly být zahrnuty následující prvky” (“Explicitní cíle - chatall”)
\par
- [ ] Konkrétní formulace cíle: Cíl by měl být jasně a srozumitelně formulován již v úvodu práce. Vyvarujte se nejistých slovních spojení jako “ráda bych”, “chtěl bych”, “mělo by se”, “kdyby”, “coby” apod. Místo toho použijte konkrétní slovesa jako “udělám”, “odhadnu”, “porovnám”, “stanovím”, “formuluji” apod.

- [ ] Metoda SMART: Pro stanovení cílů použijte metodu SMART, což je zkratka 5 slov, které definují vlastnosti cílů:\\
- [ ] Specific (Konkrétní): Při stanovování cílů buďte konkrétní. Měli byste dobře definovat, co je přesně zkoumaný problém a jak bude (vy)řešen.\\
- [ ] Measurable (Měřitelný): Vaše cíle musí být měřitelné a musí být možné ověřit, zda došlo k jejich naplnění. Sestavte si harmonogram prací a cíle hodnoťte průběžně.\\
- [ ] Achievable (Dosažitelný): Cíl si stanovte tak, aby byl dosažitelný. Pokud bude příliš ambiciózní, může být jeho splnění nad vaše síly. Přiměřenost a dosažitelnost by měl posoudit vedoucí.\\
- [ ] Realistic (Reálný): Cíl musí být reálný, aby ho bylo možné naplnit ve stanoveném čase. Ověřte si, zda máte pro jeho naplnění dostatek dat, informací i znalostí.\\
- [ ] Timed (Časově ohraničený): Cíl musí být časově ohraničený. Hlavní cíl si rozdělte na etapy (dílčí cíle) a stanovte si termíny, do kdy je splníte.\\
- [ ] Vyjádření vztahu k tématu: Cíle by měly vyjadřovat vztah k tématu bakalářské práce a mít s ním souvislost.\\
- [ ] Vymezení rozsahu: Cíle by měly být vymezeny tak, aby odpovídaly rozsahu bakalářské práce.\\
- [ ] Použitelnost: Cíle by měly být použitelné v praxi a přínosné pro řešení zkoumaného problému.
\par
“Stanovení cílů pro bakalářskou práci je klíčovým krokem, který ovlivňuje konečný úspěch a obhajitelnost práce\^1\^ . Zde jsou některé zásady, které byste měli dodržovat při formulaci cílů:” (“Explicitní cíle - chatall”)
\par
- [ ] Jednoznačnost a srozumitelnost: Cíl práce by měl být formulován jednoznačně a srozumitelně. Optimální je jednou větou nebo souvětím\^1\^ .\\
- [ ] Vymezení cíle v úvodu: Cíl práce se vymezuje v úvodu práce\^1\^ .\\
- [ ] Prokázání naplnění cíle: Prokázání naplnění cíle pak bývá předmětem závěrečného shrnutí či závěru samotné práce\^1\^ .\\
- [ ] Klíčová otázka: Při formulaci cíle vám může pomoci, když si položíte klíčovou otázku, na niž hledáte odpověď\^1\^ .\\
- [ ] Počet cílů: Počet cílů není rozhodující, důležitější je jejich (očekávaný) přínos a samozřejmě jejich naplnění\^2\^ .
\par
\subsection{Vicuna}

\par
“Explicitní stanovení cílů pro bakalářskou práci by mělo zahrnovat následující:” (“Explicitní cíle - chatall”)
\par
- [ ] Hlavní cíl: Obecně popisuje, co bude práce řešit nebo provádět. Je to hlavní úkol, který bude práce splňovat.\\
- [ ] Věděcí cíl: Popisuje konkrétní vědeckou otázku, kterou bude práce řešit. Může být zahrnut jako podčást hlavního cíle.\\
- [ ] Měřitelné cíle: Tyto cíle by měly být co nejvíce specifické, měřitelné a realistické. Měřitelnost umožňuje sledovat pokrok a hodnotit výsledky práce.\\
- [ ] Časové rámce: Uvádí, kdy by měla být práce dokončena a jaké jsou klíčové milní časy.\\
- [ ] Metodologie: Popisuje, jaký způsob získání dat a jaký postup bude použit k analýze a interpretaci výsledků.\\
- [ ] Vědecké postupy: Popisuje, jaký vědecký postup bude použit pro řešení otázky nebo problému.\\
- [ ] Etická zásada: Popisuje, jaké etické zásady budou dodržovány při provádění práce.\\
- [ ] Vědecké publikace: Popisuje, zda bude práce publikována a v jaké formě, např. v odborné publikaci nebo na konferenci.\\
- [ ] Budoucí využití: Popisuje, jaký účel bude práce sloužit a jakým způsobem bude mít vliv na svět.

- [ ] Cíle by měly být co nejvíce specifické, měřitelné, realistické, relevantní a časově omezené. Je důležité, aby byly cíle dobře definovány
\par
“V explicitním stanovení cílů pro bakalářskou práci by mělo být zahrnuto následující:” (“Explicitní cíle - chatall”)
\par
- [ ] Výzkumné otázky: Jsou to základní přírodovědné otázky, které práce zjišťuje nebo zodpovídá. Výzkumné otázky by měly být zpřístupněny a srozumitelné pro laiky.\\
- [ ] Hypotézy: Jsou to předpoklady o tom, jaký je výsledek výzkumu. Hypotézy by měly být specifické a zahrnovat predikce, které by měly být testovány.\\
- [ ] Obsahová část: Popisuje, co práce obsahuje, jaké jsou její hlavní kapitoly, sekundární zdroje a další relevantní informace.\\
- [ ] Metodologie: Popisuje, jakým způsobem bude proveden výzkum, jaké metody a techniky budou použity a jak budou data shromažďována, analyzována a zhodnocována.\\
- [ ] Vědomostní úroveň: Stanovuje, jaké znalosti a dovednosti by studenti měli mít na konci kurzu.\\
- [ ] Skills: Specifikuje konkrétní dovednosti, které studenti získají během výukového procesu.\\
- [ ] Kompetence: Popisuje, jaké kompetence by studenti měli mít na konci kurzu, tedy jaké druhy úkolů by měli být schopni provést.\\
- [ ] Evaluace: Vysvětluje, jak bude práce hodnocena a jaké kritéria budou použita k posouzení úspěšnosti práce.\\
- [ ] Vědecké nálezy: Popisuje, jaké byly výsledky výzkumu a jak se shodují s hypotézami.\\
- [ ] Výstup: Ukazuje, jak výsledky pr
\par
\subsection{Claude}

\par
“Obecně by explicitní stanovení cílů bakalářské práce mělo zahrnovat:” (“Explicitní cíle - chatall”)
\par
- [ ] Tematické zaměření práce - stručné vymezení tématu, problému nebo otázky, kterou se práce bude zabývat.\\
- [ ] Věcný cíl - co konkrétně bude práce chtít dosáhnout, např. popsat, vyhodnotit, porovnat atd. týkající se vymezeného tématu.\\
- [ ] Metodický cíl - jakým způsobem, pomocí jakých metod bude cíle práce dosaženo, např. prostřednictvím analýzy textů, dotazníkového šetření, experimentu atd.\\
- [ ] Strukturální cíl - jak bude práce strukturována a členěna, např. úvod, teoretická část, praktická část, závěr.\\
- [ ] Přínos práce - v čem bude spočívat přínos práce pro dané téma/obor, jak bude rozšiřovat stávající poznání.\\
- [ ] Součástí by měly být i pomocné cíle, které budou jednotlivé hlavní cíle rozvíjet a blíže specifikovat. Dobré je také stanovit si cíle s ohledem na požadavky zadavatele práce.
\par
“klíčové body, které by mělo explicitní stanovení cílů bakalářské práce zahrnovat:” (“Explicitní cíle - chatall”) - [ ] Tematické zaměření práce - stručné vymezení řešeného tématu, problému nebo otázky\\
- [ ] Hlavní věcný cíl - co konkrétně bude práce chtít dosáhnout, např. popsat, vyhodnotit, porovnat apod.\\
- [ ] Metodický cíl - jakým způsobem a pomocí jakých metod bude hlavní cíl naplněn\\
- [ ] Strukturální cíl - jak bude práce členěna a strukturována (úvod, teoretická část atd.)\\
- [ ] Očekávaný přínos práce - v čem bude spočívat přínos pro dané téma/obor\\
- [ ] Pomocné cíle - které blíže rozvedou a specifikují hlavní cíl\\
Ohled na požadavky zadavatele práce\\
- [ ] Dále by cíle měly být formulovány jasně, měřitelně a reálně naplnitelně v rámci zvolené metodiky a rozsahu práce. Je dobré se vyhnout obecným a nekonkrétním formulacím.
\par
\section{Llama2}

\par
“Explicitní stanovení cílů je důležité pro bakalářskou práci, protože pomáhá zajistit, že se pracoviště a výsledky orientují na významných a measurableach goalích.” (“Explicitní cíle - chatall”)
\par
- [ ] Problem statement: A clear and concise statement of the problem or issue that the thesis aims to address.\\
- [ ] Research questions: A list of specific research questions or hypotheses that the thesis will aim to answer.\\
- [ ] Objectives: A list of specific objectives or aims that the thesis will aim to achieve.\\
- [ ] Scope: A description of the scope of the thesis, including the specific context, population, or geographic area being studied.\\
- [ ] Methodology: A description of the research methods and techniques that will be used to collect and analyze data.\\
- [ ] Significance: A statement of the significance of the research, including the potential practical applications or contributions to existing knowledge.\\
- [ ] Timeframe: A timeline for completing the thesis, including milestones and deadlines.\\
- [ ] Deliverables: A list of the specific deliverables or outputs that the thesis will produce, such as a written report, a presentation, or a prototype.\\
- [ ] Evaluation criteria: A list of the criteria that will be used to evaluate the success of the thesis, such as originality, significance, methodology, and presentation.
\par
“Explicitní stanovení cílů pro bakalářskou práci by mělo zahrnovat následující informace:” (“Explicitní cíle - chatall”)
\par
- [ ] Účel práce: Krátký popis účelu práce, který vysvětluje, proč byla práce vybrána a co se z ní očekává.\\
- [ ] Cíle práce: Jasné a specifické cíle, které mají být dosaženy během práce. Cíle by měly být stanoveny včetně časového rámce a měření úspěchu.\\
- [ ] Předpoklady práce: Popis předpokladů, které byly použity k výběru tématu a metody práce.\\
- [ ] Metody práce: Popis metod, které byly použity k výzkumu a analýze dat.\\
- [ ] Data a zdroje: Seznam všech dat a zdrojů, které byly použity během práce.\\
- [ ] Očekávané výsledky: Popis očekávaných výsledků práce a jaký femmes they will contribute to the field.\\
- [ ] Timeline: Časovýharmonogram práce, který zahrnuje všechny fáze práce a deadlines.\\
- [ ] Budget: Rozpočet práce, který zahrnuje všechny náklady spojené s právními a materiály.\\
- [ ] Odpovědnost: Určení osob, které budou odpovědné za jednotlivé fáze práce a kontrolu úspěchu.\\
- [ ] Kritéria hodnocení: Stanovení kritérií, která budou použita k hodnocení úspěchu práce.

- [ ] Zahrnutí těchto informací do explicitního stanovení cílů umožní studentovi a jeho instruktorovi having a clear understanding of the scope, objectives, and expectations of the bachelor’s thesis, which will help},
  groups = {_GEN - 🤖},
  timestamp = {2023-11-14T04:09:33Z},
  file = {explicitní cíle práce-chatAll.html:G\:\\Cloud\\Storage\\personalDrive\\My Drive\\--moje--\\G-Knihovna\\g\\chatAll\\explicitní cíle práce-chatAll.html:text/html}
}

@misc{ChatAllMetodikaAim,
  title = {{{ChatAll}}.{{Metodika}}.{{Aim}}.v3.Html},
  keywords = {state/2/process},
  groups = {v3},
  timestamp = {2023-11-14T00:20:38Z},
  file = {Metodika.Aim.v3.html:G\:\\Zotero\\storage\\6NULN945\\Metodika.Aim.v3.html:text/html}
}

@misc{DanoveUnikyOblasti,
  title = {Daňové Úniky v Oblasti {{DPH}}.Pdf},
  keywords = {t/p},
  groups = {examples},
  timestamp = {2023-11-11T03:52:28Z},
  file = {Daňové úniky v oblasti DPH.pdf:G\:\\Cloud\\Storage\\personalDrive\\My Drive\\--moje--\\G-Knihovna\\a\\examples\\Daňové úniky v oblasti DPH.pdf:application/pdf}
}

@misc{IdentifikacePopisSlabin,
  title = {Identifikace a Popis Slabin Interní Komunikace v Malém Podniku.Pdf},
  keywords = {t/p},
  groups = {examples},
  timestamp = {2023-11-11T03:53:37Z},
  file = {Identifikace a popis slabin interní komunikace v malém podniku.pdf:G\:\\Cloud\\Storage\\personalDrive\\My Drive\\--moje--\\G-Knihovna\\a\\examples\\Identifikace a popis slabin interní komunikace v malém podniku.pdf:application/pdf}
}

@misc{KomparaceObchodnichModelu,
  title = {Komparace Obchodních Modelů Streamovacích Společností Využívající Příjmový Model Předplatného.Pdf},
  keywords = {t/p},
  groups = {examples},
  timestamp = {2023-11-11T03:53:50Z},
  file = {Komparace obchodních modelů streamovacích společností využívající příjmový model předplatného.pdf:G\:\\Cloud\\Storage\\personalDrive\\My Drive\\--moje--\\G-Knihovna\\a\\examples\\Komparace obchodních modelů streamovacích společností využívající příjmový model předplatného.pdf:application/pdf}
}

@thesis{MyBP,
  title = {{{myBP}}},
  institution = {{VŠE}},
  note = {\section{---}

\par
v: 3.2
\par
téma: task management ve skautském oddíle
\par
řešený problém:
\par
zvolený cíl:
\par
dílčí cíle:
\par
metody:
\par
produkty:
\par
---
\par
(“BP.Mapování-problematiky”)},
  timestamp = {2023-11-07T00:23:11Z}
}

@misc{NeomezenaDovolenaVe,
  title = {Neomezená Dovolená ve Firmách v {{České}} Republice.Pdf},
  keywords = {t/p},
  groups = {examples},
  timestamp = {2023-11-11T03:54:50Z},
  file = {Neomezená dovolená ve firmách v České republice.pdf:G\:\\Cloud\\Storage\\personalDrive\\My Drive\\--moje--\\G-Knihovna\\a\\examples\\Neomezená dovolená ve firmách v České republice.pdf:application/pdf}
}

@misc{PopularniKaretniHry,
  title = {Populární Karetní Hry z Pohledu Teorie Her.Pdf},
  keywords = {t/p},
  groups = {examples},
  timestamp = {2023-11-11T03:55:21Z},
  file = {Populární karetní hry z pohledu teorie her.pdf:G\:\\Cloud\\Storage\\personalDrive\\My Drive\\--moje--\\G-Knihovna\\a\\examples\\Populární karetní hry z pohledu teorie her.pdf:application/pdf}
}

@article{subrtNavrhAplikaceDatabaze,
  title = {Návrh aplikace a databáze vizualizující data z eshopu},
  author = {Šubrt, Hanuš Arsim},
  abstract = {I divided the work into two parts, theoretical and practical. The theoretical part informs the reader about what data visualization is, a brief history of visualization and the reasons why sales data visualization is a useful tool. In the practical part, I will design a desktop program written in C\# visualizing sales data, a MySQL database and a sample e-shop using this database. The desktop program will be able to connect to any database with the same schema as the database proposed here and visualize data from it.},
  langid = {czech},
  keywords = {metodika-first},
  groups = {examples},
  timestamp = {2023-11-11T03:54:38Z},
  file = {Šubrt - Návrh aplikace a databáze vizualizující data z eshopu.pdf:G\:\\Cloud\\Storage\\personalDrive\\My Drive\\--moje--\\G-Knihovna\\a\\examples\\Šubrt - Návrh aplikace a databáze vizualizující data z eshopu.pdf:application/pdf}
}

@misc{Tm4cleevioPdf,
  title = {Tm4cleevio.Pdf},
  keywords = {t/p},
  groups = {examples},
  timestamp = {2023-11-11T03:55:33Z},
  file = {tm4cleevio.pdf:G\:\\Cloud\\Storage\\personalDrive\\My Drive\\--moje--\\G-Knihovna\\a\\examples\\tm4cleevio.pdf:application/pdf}
}

@misc{ZotRepBPObjectives,
  title = {{{ZotRep}}.{{BP}}.{{Objectives}}.V2},
  keywords = {state/2/annotate},
  groups = {v2},
  timestamp = {2023-11-08T00:41:02Z},
  file = {ZotRep.BP.Objectives.v2.htm:G\:\\Cloud\\Storage\\personalDrive\\My Drive\\--moje--\\G-Knihovna\\g\\ZotRep.BP.Objectives.v2.htm:text/html}
}

@misc{ZotRepBPProblems,
  title = {{{ZotRep}}.{{BP}}.{{Problems}}.V2},
  keywords = {/unread,state/0/annotated},
  note = {\section{Annotations\\
(11/9/2023, 10:15:48 PM)}

\par
“Komunikace” (“ZotRep.BP.Problems.v2”)
\par
“Možnosti” (“ZotRep.BP.Problems.v2”)
\par
“Příležitosti” (“ZotRep.BP.Problems.v2”)
\par
“Solování úkolů” (“ZotRep.BP.Problems.v2”)
\par
“Zadání/delegování úkolu” (“ZotRep.BP.Problems.v2”)
\par
“nedostatečná efektivita při plánování a delegování úkolů” (“ZotRep.BP.Problems.v2”)},
  groups = {v2},
  timestamp = {2023-11-09T21:18:57Z},
  file = {ZotRep.BP.Problems.v2.htm:G\:\\Cloud\\Storage\\personalDrive\\My Drive\\--moje--\\G-Knihovna\\g\\ZotRep.BP.Problems.v2.htm:text/html}
}

@comment{jabref-meta: databaseType:biblatex;}
@comment{jabref-meta: grouping:
0 AllEntriesGroup:;
1 StaticGroup:_GEN - 🤖\;0\;1\;0x8a8a8aff\;\;;
2 StaticGroup:versions\;0\;1\;0x8a8a8aff\;\;;
3 StaticGroup:1n\;0\;1\;0x8a8a8aff\;\;;
3 StaticGroup:v2\;0\;1\;0x8a8a8aff\;\;;
3 StaticGroup:v3\;0\;1\;0x8a8a8aff\;\;;
1 StaticGroup:_NOTED - ✍️\;0\;1\;0x8a8a8aff\;\;;
1 StaticGroup:examples\;0\;1\;0x8a8a8aff\;\;;
}
